4498 5736
1155 469 1193 536 16

267 686 373 744 tamen
396 677 505 742 inuitis
527 674 616 740 libris
638 677 783 758 recipere
808 674 961 742 dubitem.
1009 675 1174 757 Loquendi
1203 678 1332 758 quidem
1358 679 1456 756 ratio,
1493 697 1556 760 qua
1585 676 1697 741 ultima
1724 674 1824 758 μέλας
1852 678 1936 743 vocis
1959 678 2074 760 syllaba

266 781 328 848 nisi
350 801 369 846 a
393 778 598 845 Doriensibus
632 799 693 844 nou
727 780 911 861 corripitur,
944 777 1021 843 mihi
1056 797 1120 844 non
1153 787 1206 862 est
1237 800 1360 860 causae,
1395 802 1451 849 cur
1483 782 1516 846 in
1551 779 1754 846 Meinekiaua
1787 797 1848 845 non
1883 781 2074 862 acquiescam

266 884 410 952 lectione.
455 881 493 946 ln
526 887 615 947 tanta
648 884 741 962 onim,
775 889 897 964 quanta
929 882 1014 964 apud
1043 881 1270 950 Callimachum
1299 885 1390 952 nobis
1422 886 1569 963 occurrit,
1603 882 1776 949 formarum
1811 901 1874 949 nou
1903 883 2074 950 Ionicarum

269 985 482 1054 multidudine
503 1003 567 1050 non
590 985 715 1064 nimiae,
739 995 774 1052 ut
796 994 883 1051 recte
904 985 1132 1052 animadvertit
1146 986 1335 1068 Meinekius,
1360 988 1558 1054 accusandus
1582 987 1707 1052 videtur
1722 986 1883 1069 audaciae,
1908 989 1963 1072 qui
1984 991 2074 1055 etiam

269 1091 330 1156 hoc
358 1089 427 1154 loco
455 1085 648 1155 Callimacho
676 1090 803 1156 restitui
830 1090 907 1155 uelit
934 1088 1091 1172 paier⁷⁹t
1135 1087 1312 1165 Quominus
1346 1097 1452 1156 tamen
1486 1109 1505 1156 a
1537 1087 1689 1157 librorum
1724 1092 1862 1156 omnium
1897 1092 2075 1158 recedamus

268 1192 414 1270 lectione,
440 1189 652 1273 DionysPer.
668 1191 742 1260 Alb.
765 1193 969 1274 prohibemur
983 1193 1102 1259 verbis:
1124 1191 1210 1257 iada
1232 1192 1359 1272 Μέλας,
1383 1193 1441 1258 ὅθι
1462 1195 1602 1278 Κρᾶθις,
1626 1199 1680 1259 ἵνα
1704 1192 1768 1278 ῥέει
1789 1190 1884 1279 ὑγρὸς
1902 1193 2005 1273 'laima
2028 1191 2075 1280 ἧχι

266 1303 322 1362 καὶ
344 1295 479 1380 ὠγύγιος
500 1298 720 1378 μηκύνεται
741 1296 837 1363 ὕδασι
858 1296 995 1360 Λάδων.
1030 1298 1173 1379 Apparet
1189 1295 1385 1379 Dionysium,
1408 1297 1462 1380 qui
1478 1297 1665 1379 saepissime
1683 1297 1909 1364 Callimachum
1926 1299 2074 1378 imitatur,

269 1401 432 1467 Laduuem
455 1416 494 1462 ea
516 1396 556 1463 de
579 1415 675 1463 causa
703 1397 819 1466 dixisse
845 1401 1062 1485 μηκύνεσθαι,
1096 1401 1181 1482 quod
1210 1400 1295 1482 apud
1323 1398 1551 1466 Callimachum
1574 1401 1668 1483 legit:
1701 1404 1801 1486 papae
1823 1399 1961 1468 Adduo.
2008 1397 2070 1467 Suu

269 1505 339 1568 iure
374 1512 481 1568 tamen
514 1499 624 1566 Ladon
660 1501 721 1569 dici
754 1510 879 1584 poterat
911 1505 1012 1586 μέγας
1044 1522 1064 1569 a
1097 1511 1205 1585 poeta,
1242 1502 1396 1569 ambitum
1427 1501 1495 1568 eius
1529 1520 1599 1568 cum
1640 1504 1755 1570 ceteris
1789 1505 1945 1572 Arcadiae
1978 1504 2076 1572 fluviis

270 1604 507 1684 auferentem).

400 1709 488 1774 luter
510 1709 668 1774 Arcadiae
690 1707 837 1789 flumina,
871 1725 1005 1792 quorum
1027 1725 1144 1792 aquam
1167 1715 1324 1791 tempore,
1359 1729 1422 1791 quo
1444 1709 1535 1776 Rhea
1557 1709 1663 1776 Iovem
1691 1712 1831 1794 peperit,
1865 1717 1961 1793 poeta
1983 1711 2077 1778 tradit

269 1811 328 1882 sub
351 1812 417 1878 aolo
441 1811 589 1892 latuisse,
613 1813 795 1878 nominatur
816 1814 913 1878 etiam
936 1812 1029 1890 laon,
1053 1814 1107 1895 qui
1130 1832 1205 1879 vero
1228 1814 1321 1895 plane
1344 1813 1481 1901 delituit.
1525 1813 1712 1880 Memoriam
1736 1817 1804 1882 eius
1827 1834 1865 1880 ex
1889 1813 2078 1881 Callimacho

269 1917 356 1984 solus
380 1915 536 1982 derivavit
558 1913 686 1997 Dionys
711 1915 781 1981 Per.
805 1935 859 1992 eo,
888 1934 983 1998 quem
1011 1933 1110 1998 supra
1138 1917 1287 1996 vidimus,
1321 1917 1398 1982 loco.
1444 1916 1535 1982 Unde
1566 1915 1683 1982 lactum
1715 1925 1779 1998 est,
1813 1927 1850 1984 ut
1871 1937 1943 1985 curn
1966 1919 1999 1984 iu
2022 1921 2077 1983 Ar·

267 2022 359 2087 cadia
381 2039 442 2085 nou
465 2019 673 2097 inueniretur,
707 2021 761 2084 alii
797 2021 828 2085 in
859 2021 922 2085 alia
945 2019 1154 2101 Peloponnesi
1189 2020 1293 2102 ipsum
1328 2022 1553 2102 quaerendum·
1580 2039 1651 2086 esse
1674 2027 1855 2087 statuerent
1887 2030 1989 2103 parte.
2035 2025 2077 2110 Ao

270 2124 457 2210 Sylburgius
479 2121 607 2204 quidem
630 2127 713 2187 teste
737 2124 930 2189 Bernhardio
952 2123 1080 2189 Inonem
1102 2122 1186 2188 hunc
1208 2141 1266 2205 pro
1289 2125 1400 2190 eodem
1424 2124 1604 2190 habendum
1627 2143 1699 2190 esse
1722 2126 1960 2206 pronuntiavit,
1984 2125 2078 2206 quia

273 2229 432 2294 Pausania
461 2225 515 2290 VI.
544 2225 595 2291 21.
625 2226 808 2291 nominatur
830 2226 964 2307 Diagon.
1010 2225 1098 2302 Quae
1126 2226 1306 2293 coniectura
1340 2227 1403 2292 iam
1432 2227 1629 2293 Bernhardio
1661 2247 1777 2308 parum
1810 2227 1978 2294 videbatur
2010 2246 2078 2292 esse

268 2329 461 2397 verisimilis.
507 2327 582 2393 Ero.
606 2329 736 2396 Curtius
758 2329 867 2411 Pelop.
896 2329 920 2394 Ι.
945 2350 975 2411 p.
1005 2328 1080 2396 489.
1108 2349 1180 2396 eum
1203 2349 1265 2395 non
1290 2331 1450 2412 diversum
1478 2349 1549 2396 esse
1579 2332 1740 2397 existimat
1769 2332 1991 2411 aSeliuunte,
2026 2331 2078 2414 qui

271 2436 411 2502 ¹Achaiae
433 2441 483 2498 est
505 2431 630 2497 fluvius.
675 2433 726 2497 Ad
749 2432 955 2500 Macedoniae
977 2432 1109 2499 fluvium
1133 2453 1152 2498 a
1176 2432 1331 2499 Strabone
1354 2432 1428 2499 VlI.
1452 2453 1483 2516 p.
1508 2433 1580 2500 327.
1605 2443 1885 2502 commemoratum
1908 2453 2022 2501 nornen
2049 2435 2078 2501 id

271 2540 378 2605 laonis
401 2537 592 2619 pertinuisse
615 2535 831 2602 Bernhardius
856 2538 910 2618 qui
939 2538 1047 2604 docet:
1093 2537 1166 2620 ,Sed
1194 2537 1321 2618 plures’,
1355 2537 1474 2618 inquit,
1510 2538 1552 2618 ,in
1587 2537 1724 2602 Arcadia
1759 2540 1894 2619 (pariter
1922 2545 2018 2620 atque
2046 2539 2076 2602 in

271 2641 437 2724 Argolide)
460 2640 579 2705 rivulos
601 2640 763 2706 exstitisse
785 2640 923 2722 aliquam
947 2641 1055 2706 multis
1084 2647 1135 2716 (ut
1168 2642 1222 2721 iis,
1256 2659 1337 2722 quae
1367 2639 1526 2705 habentur
1549 2640 1580 2704 in
1605 2641 1674 2721 ipso
1698 2639 1859 2708 Pausania
1882 2641 1968 2706 Vlll.
1992 2643 2019 2720 7,
2045 2647 2070 2704 l.

266 2747 319 2814 20.
348 2746 400 2825 22,
436 2743 466 2808 3.
495 2742 546 2823 23,
580 2745 610 2808 ’2.
639 2741 691 2823 54,
727 2745 771 2822 2.)
796 2743 960 2810 conficitur
982 2745 1126 2823 indiciis,
1160 2764 1239 2826 quos
1263 2743 1411 2824 exiguum
1434 2762 1560 2809 cursum
1584 2761 1730 2808 emensos
1754 2749 1858 2810 terrac
1882 2745 1986 2809 hiatus
2010 2751 2075 2807 tum

269 2848 478 2916 absorberent
500 2852 567 2911 tum
589 2847 683 2929 longo
707 2855 778 2928 post
800 2847 966 2913 intervallo
990 2849 1120 2914 mutatis
1143 2846 1322 2912 nominibus
1344 2846 1446 2928 iisque
1468 2848 1586 2912 sensim
1609 2847 1752 2912 evanidis
1768 2844 1853 2913 loras
1877 2849 2077 2926 emitterent,

273 2953 376 3035 qualis
398 2951 562 3016 fluminum
586 2958 700 3017 natura
722 2969 793 3016 cum
818 2953 889 3017 aliis
911 2952 1021 3017 multis
1044 2953 1076 3016 in
1099 2950 1282 3033 regionibus
1305 2948 1379 3014 olim
1401 2950 1444 3014 sit
1466 2948 1644 3030 observata,
1668 3000 1676 3016 .
1701 2995 1810 3016 .....
1835 2959 1901 3014 tum
1925 2949 2080 3015 recentior

269 3063 359 3122 netas
381 3055 554 3136 indagavit.
579 3055 632 3134 (oi.
655 3053 760 3120 Ritter
782 3055 897 3137 Geogr.
921 3054 947 3119 l.
962 3055 1079 3137 pili.
1104 3055 1299 3139 11.p.103.)
1322 3098 1330 3117 .
1352 3102 1361 3118 .
1385 3102 1392 3118 .
1416 3103 1424 3116 .
1449 3052 1536 3117 Haec
1558 3053 1656 3134 igitur
1678 3073 1831 3136 aquarum
1855 3054 2000 3134 divortia,
2025 3072 2079 3118 cur

267 3163 330 3226 iter
353 3158 577 3226 Arcadicorum
600 3157 766 3224 fluviorum
789 3165 928 3240 nequeat
952 3157 1101 3224 subtilius
1124 3157 1257 3240 exquiri,
1279 3174 1407 3222 causam
1432 3155 1533 3222 habeo
1557 3155 1748 3238 legitimam
1772 3177 1809 3222 ex
1832 3175 1894 3238 quo
1917 3155 1965 3232 fit,
1990 3162 2027 3221 ut
2047 3157 2079 3221 in

268 3265 429 3346 plerisque
452 3262 545 3327 istius
571 3261 697 3344 generis
725 3263 964 3344 quaestionibus
992 3283 1045 3329 res
1080 3263 1120 3328 ad
1156 3263 1310 3327 incertum
1338 3261 1510 3343 irritasque
1539 3260 1766 3326 hariolationes
1799 3261 1941 3327 recidat?
1988 3259 2080 3337 Quod

269 3367 415 3450 quamvis
443 3366 475 3430 in
504 3365 685 3430 universum
714 3368 755 3429 ait
790 3385 914 3446 verum,
949 3373 1055 3432 tumen
1089 3385 1152 3431 non
1186 3365 1310 3430 irritam
1344 3364 1479 3429 dixerim
1513 3363 1765 3441 hariolationom,
1789 3363 1873 3446 quod
1897 3363 2077 3428 Meinelrius

267 3471 396 3538 Iaonem
418 3467 548 3534 fluuium
571 3485 641 3533 cum
664 3467 819 3549 Nymphis
842 3466 1006 3535 lonidibus
1030 3471 1199 3536 cohaerere
1221 3467 1402 3548 suspicatus
1426 3468 1458 3532 in
1481 3467 1605 3534 Elidem
1635 3468 1891 3534 transferendum
1915 3485 1987 3531 eum
2010 3485 2083 3532 esse

269 3575 411 3653 coniecit,
437 3573 477 3652 ⁸¹)
500 3569 555 3636 ubi
578 3573 674 3637 etiarn
694 3571 839 3636 'lavator
861 3576 991 3656 τέμενος
1013 3573 1201 3638 aStrabone
1216 3569 1305 3637 Vlll.
1327 3589 1359 3652 p.
1373 3570 1447 3638 346.
1464 3577 1665 3637 memoratur.
1700 3571 1844 3637 lonidum
1861 3568 2081 3653 Nympharum

270 3679 422 3744 memoria
448 3677 595 3740 servatur
617 3675 701 3755 apud
726 3675 1001 3758 Athen.X1V.p.
1026 3677 1099 3753 fida,
1122 3675 1175 3740 ubi
1199 3674 1232 3739 hi
1255 3673 1387 3740 Nicand.
1412 3675 1548 3756 georgic.
1572 3675 1720 3756 leguntur
1745 3692 1871 3741 versus:

497 3775 582 3840 atta
607 3777 648 3840 τὰ
669 3783 729 3860 μὲν
751 3784 894 3864 σπείροις
915 3805 948 3845 ra
969 3786 1023 3844 nat
1045 3780 1117 3844 ὅσσ’
1139 3775 1244 3864 ὡραῖα
1289 3779 1438 3863 φυτεύοις

229 3964 234 3972 ἱ
498 3879 592 3944 ἄνθε’
610 3877 781 3965 ’laovtqde
804 3887 877 3968 γένη
898 3907 934 3963 ys
954 3887 1014 3967 μὲν
1035 3884 1104 3947 ἰάσι
1125 3883 1230 3961 δισσὰ,
1278 3883 1280 3890 ’

234 3979 284 4116 *X
501 3982 609 4068 ὠχρόν
630 4009 664 4048 τε
685 3987 790 4073 χρυσῷ
812 4010 846 4050 τε
868 3984 955 4072 φυὴν
975 3987 1020 4062 εἰς
1041 3985 1117 4051 ὦπα
1139 3987 1318 4071 προσειδές,

334 4274 377 4375 N
389 4279 433 4344 78)
463 4283 497 4334 ci.
518 4277 631 4334 Belrlxar.
650 4283 689 4333 iu:
708 4280 936 4334 Monataberiehte
954 4281 999 4334 der
1017 4281 1128 4348 Kbnigl.
1145 4281 1253 4334 Prauaa.
1269 4277 1418 4330 Akadamia
1437 4278 1484 4332 dar
1497 4279 1727 4334 Wlaaeuachaiiau
1740 4295 1773 4332 au
1787 4281 1877 4333 Berlin
1892 4279 1966 4344 leot,
1985 4281 2091 4348 patr.

378 4367 436 4446 hm)
470 4367 503 4420 ci.
523 4385 548 4422 v.
566 4366 614 4422 23:
643 4369 764 4437 ὥκχησεν
786 4368 906 4431 forma-m,
923 4383 1000 4436 quam
1021 4384 1056 4420 na
1074 4366 1254 4421 Schneidarua
1272 4366 1385 4434 quidem,
1412 4382 1472 4417 eum
1496 4367 1571 4418 libris
1594 4367 1629 4418 ait
1651 4370 1753 4420 munita
1778 4369 1892 4432 optimis,
1919 4368 2092 4423 Callimacho

271 4455 475 4511 abiudicahdam
494 4463 594 4508 censet.
629 4455 696 4508 Cum
720 4455 791 4508 anim
817 4453 877 4506 aliia
894 4454 961 4506 lucia
980 4453 1172 4508 Callimachum
1198 4455 1251 4506 nisi
1278 4456 1353 4506 matri
1380 4455 1541 4507 necmaitate
1566 4459 1689 4506 coactura
1714 4455 1860 4508 contendat
1886 4458 1921 4508 ab
1950 4457 2094 4523 epicorum

269 4544 394 4612 loquendi
412 4525 516 4610 rbttione
540 4557 594 4592 non
616 4542 740 4594 recedere
764 4543 811 4596 toi.
831 4541 957 4593 Schneid.
979 4541 1062 4596 tad-a.
1075 4543 1124 4601 ΙΔι)
1145 4541 1198 4593 hoc
1219 4546 1307 4592 aman
1333 4539 1407 4593 loco:
1433 4539 1590 4606 ,Equidemss
1616 4544 1708 4609 inquit,
1735 4544 1772 4604 ,in
1799 4542 1966 4595 Callimacho
1992 4551 2097 4596 contra

273 4634 386 4700 optimos
404 4613 488 4712 librba
506 4629 572 4681 nihil
590 4629 745 4682 mutandum
763 4647 796 4682 ae
814 4645 847 4681 na
865 4628 980 4696 ὄκχησεν
997 4628 1104 4694 qnidam
1123 4645 1138 4681 a
1159 4629 1218 4679 cod.
1251 4627 1283 4678 G.
1311 4625 1479 4679 scribendum
1503 4631 1602 4692 putavi,
1630 4629 1677 4680 aad
1705 4628 1852 4682 notandum
1876 4629 1963 4683 lecum
1982 4635 2095 4696 cenaui,

274 4736 305 4771 ax
318 4715 693 4801 quoapparahkquouaqua
711 4715 742 4765 in
763 4718 937 4781 captandis
956 4717 1134 4768 vocabulis
1157 4731 1174 4765 a
1195 4714 1328 4780 vulgari
1346 4729 1404 4764 uau
1422 4716 1556 4766 remotio
1578 4714 1761 4766 Callimachus
1784 4733 1942 4784 progressus
1963 4719 2016 4771 ait.‘

282 4813 288 4843 ·'
319 4807 321 4809 ’
392 4803 439 4860 80)
466 4803 501 4857 ol.
519 4801 666 4854 Bernhard.
685 4801 720 4853 ad
736 4803 847 4870 Dionys.
865 4806 925 4858 Per.
943 4805 1004 4860 did.

392 4890 438 4943 alr
469 4890 547 4955 Quod
563 4891 602 4942 ita
619 4895 709 4944 umen
726 4895 791 4956 puto
809 4889 967 4948 iaciendum.
988 4895 1019 4942 ut
1035 4889 1122 4941 sonim
1140 4889 1190 4956 ipsi
1208 4887 1282 4938 fluvii
1299 4890 1327 4938 iu
1344 4887 1461 4940 Arcadia
1478 4893 1624 4954 ponantnr;
1647 4889 1725 4940 aliter
1746 4891 1817 4941 enim
1840 4907 1856 4940 a
1875 4887 2040 4942 Callimacho
2062 4893 2097 4948 in

271 4978 404 5033 Arcadiae
422 4977 576 5030 fluminibus
592 4977 725 5028 numerari
742 4992 795 5028 uon
813 4981 924 5042 poterat,
942 4978 971 5028 in
989 4976 1086 5043 quibua
1104 4976 1183 5028 aliam
1202 4973 1321 5027 Crathim
1339 4975 1376 5036 (v.
1394 4972 1451 5038 Ab.)
1474 4975 1571 5041 poenit,
1598 4974 1645 5041 qni
1665 4989 1726 5025 curn
1745 4974 1872 5027 Achaiam
1894 4975 2030 5042 perfluens
2060 4979 2095 5030 in

283 5065 479 5120 Corinthiacum
498 5062 647 5117 effundatur
664 5065 759 5128 alnum,
776 5064 904 5130 originem
923 5069 1012 5116 tamen
1029 5063 1110 5116 habet
1126 5063 1155 5114 in
1167 5061 1258 5116 Crathi
1276 5065 1373 5126 moute,
1391 5061 1419 5113 lu
1430 5060 1548 5113 Arcadia
1564 5063 1622 5116 aito.
