4498 5736
286 616 436 706 temporis
461 627 602 710 elapsum
619 629 670 709 sit,
694 648 732 696 ex
755 649 818 712 quo
842 675 850 692 .
874 678 884 696 .
906 677 915 692 .
939 629 957 688 .’
981 627 1123 694 Eandem
1146 629 1201 690 aot
1224 627 1397 708 particulae
1420 627 1619 698 tribuendam
1643 647 1713 696 esse
1737 628 1996 713 significationem
2018 631 2096 699 Por·

282 728 428 811 souus³⁸l
452 730 554 800 docet.
577 731 683 798 hlaior
705 731 949 814 interrogationi
974 731 1020 795 uis
1043 730 1172 796 additur
1194 735 1248 795 καί
1269 729 1440 813 particula:

509 834 639 922 ιΝηλεὲις
661 831 688 898 ὦ
710 835 840 918 δαῖμον,
862 838 893 898 ai
916 833 952 898 δέ
973 839 1104 918 μοικαὶ
1127 833 1250 918 φέγγος
1272 833 1395 913 ἔδειξας

509 938 555 1015 εἰς
577 935 689 1017 ὀλίγων
711 937 808 1002 ἐτέων
829 942 929 1022 μέτρα
952 933 1169 1021 μινυνθάὸια;

511 1041 606 1124 ἢῖνα
630 1091 635 1101 .
664 1090 672 1107 .
696 1088 703 1105 .
728 1089 737 1107 .
760 1041 903 1115 (Jacobs,
925 1041 1054 1107 Anthol.
1078 1040 1254 1122 ἐπιτύμβια
1276 1039 1364 1119 331.)

410 1141 606 1219 et(Jt100bS.
630 1142 780 1208 toaclam.
803 1141 908 1222 669.):

513 1241 607 1325 οὗτος
630 1239 804 1312 ἘΡΩΣ.’τ1
824 1245 885 1329 γὰρ
909 1245 989 1310 ἄλλο
1015 1253 1070 1310 καὶ
1091 1247 1234 1332 ἔπρεπεν
1257 1247 1381 1312 οὔνομα
1404 1247 1513 1332 gripun

284 1340 357 1412 Non
391 1345 459 1412 sine
492 1351 650 1430 gravitate
688 1351 825 1434 quadam
859 1350 972 1431 copula
1004 1351 1132 1417 additur
1171 1351 1267 1416 etiarn
1307 1350 1547 1432 interrogationi
1582 1350 1668 1416 huic:
1713 1350 1811 1437 ςκούχὶ
1843 1351 1939 1432 ια’χος
1977 1349 2095 1435 ῥίψεις,

286 1447 325 1516 αι’·
347 1449 407 1535 γὰρ
431 1455 526 1534 θέμις
548 1460 607 1520 cet.
631 1454 728 1536 (epid.
756 1455 851 1530 122).
897 1452 1024 1535 Optimo
1058 1455 1156 1537 igitur
1179 1456 1277 1520 statui
1311 1473 1405 1536 posse
1427 1461 1504 1536 puto
1538 1454 1615 1530 iure,
1649 1471 1711 1519 nun
1747 1462 1812 1520 tam
1840 1455 1971 1536 exiguis,
2001 1473 2097 1536 quam

285 1554 396 1620 volunt
418 1553 619 1624 Hermaunus
637 1543 685 1636 ct,
712 1559 768 1639 qui
791 1575 863 1622 eum
886 1562 1014 1622 secutus
1038 1566 1096 1638 est,
1120 1558 1391 1635 Schneiderus³⁰r,
1413 1560 1467 1621 ael
1489 1555 1663 1638 particulae
1692 1558 1932 1640 interrogationi
1967 1557 2097 1625 additae

289 1656 551 1738 significationem
575 1658 895 1728 circumscribendam
918 1679 989 1726 esse
1012 1661 1164 1741 terminis,
1187 1663 1244 1727 sed
1272 1663 1399 1729 omuino
1422 1659 1578 1742 particula
1601 1659 1661 1726 hac
1682 1661 1922 1740 interrogationi
1945 1663 2096 1728 maiorem

287 1761 362 1826 addi
383 1762 447 1828 yirn
470 1767 568 1844 atque
590 1763 840 1844 gravinianum),
875 1783 956 1846 quae
986 1784 1044 1846 pro
1068 1765 1128 1831 loci
1151 1765 1304 1848 cuiusque
1327 1765 1486 1831 sententia
1508 1769 1543 1829 ct
1564 1763 1717 1828 minuitur
1740 1771 1937 1846 clangetur.
1983 1765 2098 1834 Latina

286 1864 384 1948 igitur
407 1867 515 1950 lingua
538 1868 586 1933 vel
610 1868 736 1934 omnino
768 1869 823 1930 aot
855 1868 932 1934 illud
968 1887 1031 1932 nou
1065 1869 1252 1934 uertendum
1287 1870 1337 1936 vel
1370 1874 1445 1950 apta
1480 1867 1588 1948 aliqua
1621 1866 1661 1933 ad
1694 1867 1871 1948 augendam
1904 1870 2098 1934 senteutiam

286 1971 432 2036 addenda
454 1971 701 2052 particulatam
725 1989 776 2051 au,
799 1989 892 2050 aune,
914 1989 1000 2046 uam,
1024 1973 1211 2052 (quisnam),
1236 1991 1320 2050 uero,
1345 1980 1388 2046 at,
1412 1979 1527 2049 tamen,
1552 1969 1690 2050 taudem,
1714 1978 1879 2051 praeterea
1902 1980 1960 2039 cet.
2006 1971 2098 2050 Quod

288 2073 386 2138 etiam
407 2073 508 2155 magis
531 2073 707 2155 intelleges,
732 2073 757 2138 si
783 2073 814 2138 iu
837 2093 901 2152 eoa,
925 2093 1006 2156 quos
1028 2075 1187 2140 l'orsonus
1211 2076 1229 2141 l.
1252 2075 1282 2150 1.,
1304 2074 1466 2142 lacohsius
1491 2074 1634 2150 (Anthol.
1658 2074 1723 2138 Pal.
1737 2092 1788 2155 pp.
1806 2075 1876 2154 lOl,
1900 2075 1972 2155 296,
1995 2075 2099 2156 4711),

287 2175 390 2242 Stallb
423 2177 444 2242 1.
468 2177 499 2256 1,,
523 2177 652 2258 Krllger.
677 2178 733 2252 (ad
755 2177 899 2257 Xenoph.
919 2177 1019 2244 Anah.
1044 2177 1068 2243 I.
1091 2177 1123 2258 8,
1148 2179 1215 2256 lb.)
1239 2179 1294 2245 ulii
1317 2178 1526 2260 protulerunt,
1550 2176 1633 2243 locos
1657 2179 1836 2244 accuratius
1859 2177 2099 2259 inquisieris‘h.

286 2278 325 2344 Iu
347 2297 417 2344 earu
440 2280 548 2361 igitur,
570 2300 664 2362 quam
688 2298 785 2362 supra
809 2281 958 2358 dicimur,
984 2283 1175 2348 sententiam
1199 2282 1301 2348 locum
1325 2287 1469 2348 nostrum
1498 2281 1665 2362 accipienti
1689 2281 1873 2348 Callimachi
1901 2282 1999 2348 uerba
2029 2301 2099 2348 uer·

288 2383 384 2448 tenda
405 2391 481 2448 sunt
503 2385 564 2449 ita:
599 2385 653 2464 ,nt
675 2383 800 2465 qualem
824 2384 967 2465 (qualem
991 2394 1107 2460 tamen,
1142 2385 1225 2461 sim.)
1249 2386 1352 2466 ipsum
1386 2385 1559 2451 canemus?
1593 2383 1758 2450 Dictaeum
1782 2404 1821 2450 an
1844 2385 2024 2468 Lycaeum?
2047 2389 2097 2432 -‘

412 2486 527 2552 Verbis
545 2489 594 2552 his
611 2496 706 2567 poeta
721 2505 870 2569 maguum
886 2488 974 2567 illud,
998 2491 1082 2571 quod
1100 2489 1139 2554 de
1154 2488 1238 2554 lovis
1254 2491 1360 2570 patria
1376 2490 1459 2554 inter
1475 2488 1613 2553 arcades
1630 2496 1662 2552 et
1684 2488 1854 2554 Cretenses
1876 2495 1955 2568 erat,
1979 2489 2099 2555 iudicat

287 2597 457 2668 certarnen,
480 2592 533 2672 qui
558 2593 666 2673 populi
689 2592 771 2656 inter
795 2609 912 2668 ornnes
936 2592 989 2673 qui
1015 2590 1121 2659 lovem
1145 2592 1243 2657 ciuem
1268 2599 1301 2656 et
1318 2587 1484 2657 'alumnum
1507 2592 1567 2658 sihi
1590 2591 1801 2668 vindicabant,
1824 2592 1993 2672 praecipue
2016 2593 2099 2658 inter

291 2714 326 2759 se
348 2693 592 2760 aemulabantur
614 2693 731 2758 cxirnia
753 2693 846 2758 huius
870 2696 921 2760 dci
946 2695 1128 2762 memoriam
1146 2696 1285 2762 colentes
1298 2696 1460 2776 religione.
1494 2694 1530 2758 Iu
1547 2693 1642 2758 Creta
1657 2693 2001 2775 insulaprneteralios,
2025 2696 2094 2776 qui·

286 2796 345 2862 bus
367 2797 512 2879 luppiter
542 2803 637 2862 notus
665 2815 736 2862 esse
760 2798 955 2878 trudebatur,
980 2800 1118 2870 locos⁴²l
1148 2800 1245 2864 etium
1268 2799 1392 2863 Dictaei
1421 2799 1536 2862 montis
1565 2796 1691 2863 accolae
1718 2797 1811 2862 deum
1842 2797 1925 2864 hunc
1952 2798 2035 2879 apud
2065 2817 2100 2862 se

290 2907 400 2966 uatum
423 2919 494 2965 csse
516 2901 752 2983 gloriabantur3
782 2901 855 2966 inde
878 2904 955 2968 deus
980 2906 1048 2984 ipse
1071 2925 1091 2968 a
1113 2903 1305 2968 Callimacho
1327 2901 1347 2966 1.
1372 2901 1402 2967 h.
1426 2900 1605 2982 appellatus
1629 2899 1790 2967 Dictaeos.
1835 2900 1895 2978 Qui
1918 2919 1992 2966 uero
2015 2902 2100 2984 apud

286 2985 428 3071 Arcades
452 3005 614 3072 colebatur
637 3003 781 3085 Iuppiter
803 3005 957 3086 Lycaeus,
980 3027 999 3072 a
1022 3008 1144 3089 Lycaeo
1169 3007 1389 3071 denominatus
1413 3012 1463 3070 est
1485 3013 1601 3071 monte.
1647 3004 1794 3070 indubio
1816 3004 1915 3086 igitur
1937 3023 2007 3070 sese
2029 3024 2101 3071 esse

291 3107 409 3174 latetur
433 3114 537 3189 poeta,
560 3117 667 3173 utrum
691 3109 807 3186 deum,
825 3107 909 3172 lovis
932 3109 1125 3191 appellatum
1151 3111 1286 3188 nomine,
1309 3107 1456 3187 celebret,
1480 3115 1587 3171 utrum
1611 3107 1786 3173 Arcadibus
1810 3108 1961 3173 maiorem
1984 3108 2102 3174 habeut

288 3211 382 3277 fidem
406 3229 446 3275 au
468 3211 684 3290 Cretensibus,
707 3231 778 3278 eum
802 3232 933 3294 prorsus
957 3214 999 3278 sit
1022 3215 1186 3292 incertum,
1209 3213 1293 3278 sitne
1316 3214 1347 3276 iu
1371 3211 1508 3276 Arcadia
1531 3211 1674 3291 luppiter
1695 3217 1789 3276 natus
1820 3230 1860 3276 au
1883 3212 1916 3277 iu
1939 3212 2033 3277 Creta
2055 3213 2101 3276 iu-

290 3316 370 3382 sula.
414 3315 518 3380 Versu
542 3334 615 3380 vero
639 3314 667 3380 6.
692 3317 755 3380 iam
780 3316 820 3381 ad
844 3317 937 3382 deum
960 3318 1063 3397 ipsum
1089 3335 1159 3381 seso
1181 3322 1368 3381 convertens
1392 3321 1463 3378 orat
1484 3320 1586 3394 poeta,
1611 3319 1646 3378 nt
1668 3315 1695 3378 is
1719 3333 1828 3379 verum
1858 3317 1981 3396 aperiat
2003 3321 2100 3398 atque
2215 3348 2218 3358 .

292 3419 356 3484 utri
372 3417 435 3482 siut
450 3419 586 3500 mentiti,
610 3419 767 3484 ostendat.
803 3422 846 3484 ht
868 3439 943 3486 uoce
966 3416 1169 3506 ,reclama
1193 3424 1237 3495 (v.
1255 3422 1311 3499 7.),
1334 3437 1416 3500 quae
1439 3419 1581 3482 oratioue
1605 3419 1645 3482 ad
1669 3418 1762 3482 deum
1786 3436 1938 3484 conuersa
1960 3420 2101 3486 coutine-

289 3527 351 3600 tur,
374 3521 413 3586 de
437 3519 550 3587 callida
574 3522 779 3604 mendacique
792 3522 992 3588 Cretensium
1015 3523 1155 3589 monitus
1178 3529 1293 3602 urente,
1317 3522 1402 3602 quod
1426 3521 1487 3586 iarn
1512 3518 1671 3601 proverbii
1695 3520 1873 3586 iactabatur
1897 3520 1972 3600 vice,
1995 3523 2098 3589 excla-

288 3631 369 3690 mat:
394 3629 526 3712 ςΚρῆιις
547 3625 599 3689 ἀεὶ
622 3629 767 3710 mederet,
792 3625 970 3702 Cretenses,
993 3629 1216 3707 pateroptimc
1233 3627 1379 3702 maxime,
1404 3624 1529 3690 mentiti
1546 3631 1630 3702 suut,
1654 3624 1850 3688 mentiuntur
1865 3624 1949 3690 euim
1967 3643 2103 3706 semper.

288 3729 369 3804 Quin
391 3747 492 3812 usque
515 3749 553 3794 co
576 3731 735 3811 progressi
759 3737 833 3794 suut
857 3730 1017 3810 nequitiae
1040 3737 1136 3812 atque
1159 3729 1387 3811 impudentiae,
1424 3737 1460 3793 ut
1482 3729 1579 3794 etiarn
1601 3729 1781 3810 sepulcrum
1817 3732 1906 3792 tuum
1939 3726 2000 3792 sibi
2029 3747 2101 3793 esse

288 3834 416 3914 gloriari
439 3853 500 3899 nun
523 3834 679 3916 dubitent,
702 3833 846 3916 quamvis
869 3835 953 3898 inter
974 3851 1084 3899 omnes
1108 3841 1241 3913 constet,
1265 3843 1296 3898 te
1320 3851 1391 3898 esse
1414 3831 1646 3897 immortalem‘
1692 3831 1774 3896 Num
1797 3831 1986 3897 Phoenicum
2011 3833 2102 3910 praui
2206 3877 2213 3886 ·

287 4006 546 4023 Π--ῄ-

409 4129 455 4188 381
481 4130 515 4184 ef.
536 4133 645 4182 Persou.
666 4128 702 4182 ad
718 4123 838 4194 Euripid.
860 4127 961 4180 Phoen.
985 4126 1057 4182 1313.

410 4213 457 4278 aa)
483 4218 525 4269 Ne
541 4219 598 4284 ipsa
616 4217 723 4282 quidem
740 4217 876 4266 Poreouus
894 4230 985 4266 veram
1004 4221 1084 4282 atque
1102 4215 1237 4281 propriam
1256 4213 1302 4264 aas?
1320 4214 1467 4280 particulae
1485 4213 1550 4266 satie
1567 4213 1673 4264 videtur
1690 4211 1857 4264 intellexisse
1871 4211 2104 4278 significationem.

412 4303 458 4367 lo)
485 4304 519 4357 cl.
538 4304 650 4369 Krllger,
669 4299 835 4370 griechiscbe
853 4301 1029 4366 Spreehlehre
1047 4301 1069 4354 1.
1087 4300 1113 4364 2,
1131 4301 1155 4364 d.
1175 4297 1218 4363 69,
1236 4299 1278 4364 32,
1299 4299 1338 4356 ltu
1356 4318 1396 4368 eq.

410 4388 456 4453 ll)
474 4390 610 4442 Enotendi
628 4391 764 4442 ridentur:
782 4385 904 4454 Xenoph.
917 4387 1002 4439 Anah.
1020 4387 1041 4440 1.
1055 4386 1081 4451 8,
1101 4386 1144 4451 16,
1164 4387 1195 4438 V.
1213 4385 1239 4451 8,
1257 4387 1286 4454 2;
1304 4389 1363 4442 vlt.
1381 4387 1407 4450 ’1,
1421 4386 1466 4451 1⁰5
1485 4383 1715 4453 aspiceretur
1735 4383 1802 4436 Oed.
1816 4385 1848 4436 R.
1864 4383 1943 4446 ttae,
1961 4383 2022 4450 1189,
2041 4386 2106 4452 ll&

287 4477 384 4542 Antig.
405 4474 532 4544 liusq,
552 4471 909 4542 1³143Eurip.neo.attl,
935 4472 1010 4536 1055.
1038 4471 1118 4539 lllll;
1143 4473 1202 4527 Alc.
1225 4471 1290 4538 tlte
1319 4475 1443 4526 Androm.
1467 4470 1530 4540 396ς
1557 4471 1615 4540 Iplr.
1638 4473 1670 4526 Δ.
1692 4470 1770 4535 taum
1795 4471 1901 4524 Platon.
1924 4472 2011 4528 aloto.
2033 4472 2057 4534 1,
2074 4474 2106 4538 lic

281 4563 426 4630 Euthyph.
444 4581 468 4618 e.
486 4564 512 4618 2

416 4647 460 4712 lt)
488 4651 522 4702 cl.
541 4669 558 4702 u
585 4649 611 4712 11,
630 4650 726 4716 quoin
749 4648 836 4699 ldecis
865 4648 999 4701 montibus
1023 4647 1143 4714 luppiter
1166 4653 1243 4700 natus
1266 4663 1325 4699 essa
1347 4648 1455 4710 dicitur;
1482 4647 1516 4698 ei.
1542 4648 1621 4698 eliam
1645 4644 1755 4698 Hesiod.
1774 4644 1873 4709 (theog.
1892 4643 1951 4698 tos.
1970 4644 2031 4712 eq.),
2060 4648 2105 4712 qni

287 4739 411 4800 Bheem,
427 4737 499 4789 lovis
517 4742 637 4801 matrem,
658 4736 774 4788 Telluris
794 4735 906 4788 consilio
931 4737 959 4786 ln
980 4736 1072 4788 urbem
1095 4735 1193 4788 abiisse
1215 4736 1328 4801 Lyctum
1347 4737 1434 4804 ibique
1454 4749 1563 4803 puerum
1584 4735 1716 4800 peperisse
1734 4731 1807 4782 dicit.
1845 4731 1985 4784 [iacentem
2005 4747 2068 4786 vero
2089 4751 2106 4784 s

277 4831 370 4902 partu
388 4823 469 4876 lilium
487 4823 638 4876 occuluisse
655 4822 768 4875 meditor
785 4828 870 4874 mater

522 4911 612 4978 ἄντρῳ
630 4911 660 4962 ἐν
679 4905 791 4977 dispiciam
810 4909 905 4973 ζαθέης
923 4907 976 4962 απὸ
993 4903 1102 4961 arideus
1119 4911 1206 4978 γαίης,

523 4999 629 5066 Αἰγαίῳ
647 4997 678 5049 ἐν
697 4997 753 5066 ὄρει
771 4996 969 5068 πεπυκασμένῳ
987 4993 1090 5063 ilicum
1108 4995 1231 5061 (Hesiod.
1250 4995 1339 5062 theog.
1358 4993 1417 5051 482.
1436 4999 1488 5060 aql
