4498 5736
1066 415 1104 482 3¹

185 631 216 694 in
242 649 276 694 re
301 625 474 694 Homerum
504 633 629 704 secuta,
662 621 715 688 uix
746 629 804 703 est,
835 623 918 706 quod
942 641 1096 691 moneam.
1142 625 1190 690 ab
1214 623 1352 689 Homero
1382 631 1486 691 tamea
1516 623 1649 690 formam
1672 624 1753 692 hanc
1776 628 1910 694 alienam
1932 647 1995 696 non

179 753 250 798 esse
274 747 332 798 nec
354 750 443 797 raros
468 729 553 812 apnd
577 728 665 793 illum
689 727 792 804 locos,
829 726 882 793 ubi
916 727 1027 792 eadem
1057 733 1154 809 atquc
1182 734 1291 793 nostro
1322 729 1390 794 loco
1419 728 1603 794 subicienda
1632 731 1674 794 sit
1701 729 1821 796 formae
1852 732 1924 799 huic
1946 733 1994 799 vis

177 845 273 920 atquc
296 834 494 918 significatio,
518 831 733 896 Buttmannus
756 830 848 895 docet
863 829 925 906 ¹⁴¹),
950 830 999 896 cui
1022 831 1106 895 hand
1130 832 1194 896 scia
1217 849 1256 896 an
1282 848 1373 895 nemo
1397 838 1562 914 repugnet.
1596 832 1737 899 Eandem
1760 853 1818 916 pro
1841 855 1887 916 ea,
1911 855 1994 918 quae

180 941 275 1022 vulgo
298 939 482 1021 legebaturz
507 934 652 1019 ἔτρεφον,
676 931 809 998 formam
833 931 1013 998 bleinekius
1026 933 1218 998 Callimacho
1242 934 1382 1000 restituit
1404 937 1437 999 in
1461 935 1553 1017 lr'gm.
1573 935 1647 1001 129:
1671 935 1841 1023 λαθρηδδν
1863 938 1899 1003 da
1912 940 1992 1025 παρ’

173 1039 365 1128 Ἡφαίστοιο
387 1043 531 1123 καμίνοις
553 1037 697 1121 ἔτραφον
719 1035 844 1120 αῑροὶιιν
864 1035 940 1120 ἔργα
963 1033 1199 1118 διδασκόμενοι.
1806 1041 1808 1048 ’

304 1144 371 1209 Ιαιιι
394 1163 476 1226 quae
499 1147 676 1222 sequuntur
699 1140 817 1220 optime
847 1140 1023 1222 procedant
1051 1157 1154 1220 neque
1183 1139 1312 1216 babent,
1344 1141 1375 1206 in
1399 1159 1461 1223 quo
1484 1142 1555 1223 quis
1578 1141 1727 1212 offendat.
1772 1143 1861 1223 Quod
1885 1151 1993 1212 tamen

180 1267 208 1312 v.
232 1245 285 1313 59.
330 1243 543 1310 Callimachus
567 1244 644 1308 dicit
665 1243 772 1308 Iovem
797 1242 974 1308 obtinuisse
996 1240 1178 1306 ἐπιδαίσιον
1200 1244 1300 1319 οἷκον,
1325 1261 1471 1325 maguam
1494 1245 1572 1310 uiris
1599 1247 1700 1313 doctis
1723 1249 1832 1314 attulit
1859 1248 1994 1316 difficul-

178 1357 274 1414 tatem
299 1350 370 1414 aliis
394 1349 487 1413 aliter
510 1346 693 1412 ιἰιιδαίσιον
714 1364 824 1412 uocem
848 1347 1144 1428 interpretantibus.
1190 1346 1493 1425 Granrmaticorum,
1527 1351 1580 1431 qui
1604 1349 1786 1416 epulaturae
1815 1353 1897 1420 idern
1921 1375 1992 1422 esse

176 1453 291 1519 docent
314 1461 409 1536 atque
433 1451 599 1516 ἐπίκοινον
619 1455 673 1514 καὶ
696 1446 878 1532 ἀμέριστον,
905 1449 1199 1531 interpretationem
1230 1467 1292 1514 aon
1327 1449 1461 1531 admitti,
1486 1452 1534 1517 uel
1562 1453 1631 1534 ipso
1659 1456 1851 1522 narrationis
1882 1465 1992 1525 tenore

176 1556 302 1637 uimque
326 1555 394 1620 fieri
419 1555 477 1620 bac
504 1554 767 1634 interpretatione
792 1552 945 1619 vocabulo
973 1551 1169 1626 ἐπιδαίσιος,
1203 1553 1320 1634 quippe
1354 1553 1438 1634 quod
1476 1571 1546 1620 curn
1580 1555 1792 1623 ι’πιδαίισθαι
1819 1562 1991 1628 cohaerens

174 1657 270 1723 verbo
294 1658 371 1724 nibil
389 1657 566 1739 significare
589 1655 701 1738 possit,
726 1657 787 1720 nisi
812 1656 896 1734 quod
919 1655 1094 1720 scholiasta
1115 1655 1260 1720 tradidit:
1283 1656 1365 1719 eard
1384 1656 1502 1742 κλῆρον
1515 1665 1755 1744 μεμερισμένοντ
1779 1663 1990 1731 Schneiderus

174 1761 291 1842 optime
314 1762 414 1828 docet.
460 1761 550 1839 Quod
573 1766 678 1825 tamen
703 1778 740 1823 ex
764 1759 970 1841 sequentibus
994 1757 1047 1838 (ci.
1070 1778 1119 1822 ιι.
1143 1757 1296 1834 60-67.)
1325 1765 1436 1840 patere
1466 1763 1643 1843 contendit,
1670 1781 1690 1828 a
1712 1765 1902 1834 Callimacho
1925 1769 1991 1834 llo·

171 1883 292 1930 merum
316 1865 369 1942 (ll.
393 1865 462 1931 XV.
491 1865 581 1932 ¹873:

429 1980 511 2052 τρεῖς
532 1966 592 2050 γὰρ
615 1965 641 2028 τ’
664 1965 698 2028 ἐκ
722 1959 851 2050 Κρόνον
872 1965 960 2047 εἰμὲν
982 1964 1151 2051 ἀδελφεοί,
1174 1966 1233 2044 οὓς
1253 1969 1357 2030 τέκετο
1376 1962 1458 2041 Ῥέα,

429 2068 511 2148 zade
524 2054 584 2134 Ιιιαὶ
607 2067 680 2149 ἐγώ,
703 2072 847 2153 τρίτατος
870 2069 899 2132 δ’
919 2068 1030 2155 Ἀίδης
1053 2069 1211 2151 ἐνέροισιν
1232 2066 1397 2143 α’νόσσιον,

429 2173 548 2260 τριχθὰ
570 2173 606 2237 δὲ
629 2175 740 2238 πάντα
762 2172 929 2248 δέδασται,
951 2177 1082 2249 ἕκαστος
1106 2172 1136 2236 δ’
1158 2173 1276 2256 ἔμμορε
1298 2173 1388 2257 τιμῆς
1411 2191 1418 2205 ·

430 2279 502 2364 ἤτοι
523 2278 604 2357 ἐγών
626 2276 745 2357 ἔλαχον
767 2275 892 2362 πολιόν
914 2277 979 2341 ἅλα
1003 2278 1135 2360 ναιέμεν
1156 2278 1220 2340 alai

428 2379 652 2463 παλλομένων,
671 2377 777 2466 ’Λίδης
799 2380 828 2444 δ’
851 2379 945 2460 ἔλαχε
966 2380 1070 2466 ζόφον
1091 2380 1254 2465 ἠερόεντα,

428 2482 509 2558 Ζοδς
531 2482 560 2547 δ’
582 2481 670 2564 ἔλαχ’
692 2480 834 2565 οὐρανόν
854 2481 950 2565 ariade
973 2483 1008 2549 ἐν
1030 2485 1142 2568 αἰθέρι
1162 2489 1216 2546 καὶ
1238 2479 1413 2568 νεφέλῃσιν.

170 2593 279 2653 secuto
302 2587 471 2670 significari
496 2585 557 2652 hoc
589 2586 669 2664 loco,
693 2587 799 2653 lovem
831 2589 974 2664 domum,
1007 2605 1107 2669 quae
1130 2594 1238 2652 sorte
1260 2585 1338 2666 ipsi
1361 2583 1569 2666 obtigerit,
1597 2583 1754 2666 obtinere,
1788 2589 1988 2669 acquiescen-

168 2691 306 2771 dumquc
330 2691 476 2771 putatia
500 2689 653 2756 librorum
679 2685 818 2757 ‘lectione
848 2712 867 2756 a
897 2691 1068 2756 scholiasta
1091 2689 1265 2770 explicata,
1301 2688 1429 2753 fallitur.
1478 2691 1596 2768 aperte
1630 2689 1715 2752 enim
1750 2692 1876 2756 mentiri
1911 2692 1988 2758 dicit

166 2791 378 2875 Callimachus
400 2795 546 2876 antiquos
568 2802 694 2875 poetas,
730 2797 784 2877 qui
814 2795 961 2860 sortitum
991 2812 1062 2860 esse
1086 2793 1191 2858 Iovem
1216 2792 1351 2857 doceant
1372 2791 1449 2856 caeli
1474 2791 1640 2872 imperium
1664 2797 1697 2858 et
1718 2797 1774 2875 ,rte
1795 2793 1852 2870 δὲ’,
1875 2797 1987 2877 inquit,

168 2896 231 2978 ιἐντ’
254 2895 410 2982 οδλόμπῳ
432 2922 466 2961 τε
487 2902 540 2960 καὶ
562 2897 631 2960 ἄιδι
651 2897 770 2984 κλῆρον
799 2897 945 2982 ἐρύσσαι,
973 2897 1010 2974 δς
1029 2896 1119 2980 μάλα
1141 2893 1184 2980 μὴ
1213 2893 1381 2979 revictae?
1411 2893 1483 2960 Nun
1512 2887 1740 2961 existimandus
1770 2897 1867 2978 igitur
1890 2897 1986 2964 Calli-

171 3001 303 3066 machus
327 3001 394 3065 lovi
417 3001 477 3065 hoc
499 3000 567 3066 loco
589 3001 729 3066 tribuere
753 3002 842 3066 οἷκον
864 3000 1045 3066 ἐπιόαισιον
1068 3002 1116 3066 vel
1141 2997 1450 3084 ἐπικεκληρωμένον,
1485 3015 1554 3063 οιιιιι
1584 3017 1645 3063 non
1668 3007 1755 3065 sorte
1778 3001 1986 3068 constitutum

168 3122 240 3168 eum
263 3104 373 3169 laudet
394 3123 513 3188 regem,
537 3105 594 3170 sed
617 3106 666 3184 iis,
690 3123 769 3188 quas
793 3105 956 3186 gessisset,
979 3104 1093 3182 robus,
1117 3122 1175 3168 sua
1206 3101 1307 3182 ipsias
1330 3101 1359 3164 vi
1383 3107 1479 3183 atquc
1509 3099 1622 3166 robora
1646 3103 1688 3183 (v.
1712 3101 1764 3169 66.
1788 3114 1852 3186 sq.)
1896 3105 1987 3183 Quod

165 3207 260 3269 etiam
284 3206 355 3271 aliis
379 3209 481 3273 visum
505 3215 554 3274 est
581 3209 656 3273 viris
687 3209 803 3287 doctis,
837 3209 890 3290 qui
928 3209 1039 3273 vitiam
1068 3207 1136 3272 loco
1165 3210 1275 3271 nostro
1305 3205 1410 3268 inesse
1439 3203 1676 3285 intellegentes,
1709 3206 1763 3270 alii
1786 3207 1849 3272 alia
1872 3227 1986 3274 sanare

164 3309 355 3374 studuerant
377 3311 568 3388 coniectura,
593 3317 629 3376 ut
650 3311 880 3377 Valckenarius
903 3309 1111 3394 ἀποδάσμιοι
1133 3311 1223 3374 οἷκον
1246 3307 1440 3374 Callimacho
1458 3305 1688 3372 restituendum
1704 3311 1836 3391 censuit,
1860 3317 1891 3376 at
1906 3311 1986 3377 Mei·

163 3411 276 3476 nakius
300 3409 442 3490 ἐξαίσιον
465 3416 554 3478 οἶκον
584 3451 628 3462 -
656 3415 723 3482 siue
754 3415 832 3481 sorti
862 3419 1042 3496 exemptam
1073 3413 1140 3478 sive
1169 3413 1329 3494 ingentem
1362 3410 1581 3491 interpreteris
1606 3447 1644 3458 --
1669 3418 1795 3492 poetam
1819 3415 1987 3496 scripsisse

165 3515 343 3596 suspicatus
367 3523 428 3583 est.
475 3517 568 3583 Haud
591 3520 656 3584 scio
680 3538 720 3584 aa
745 3519 855 3586 eadem
880 3535 977 3584 causa
1006 3517 1103 3580 etiam
1126 3515 1267 3596 Toupius
1297 3517 1471 3579 commotus
1501 3531 1582 3578 nova
1616 3517 1794 3581 coniectura
1824 3536 1885 3582 uon
1915 3537 1986 3600 pro·

166 3619 232 3682 lata
256 3637 304 3699 ea,
328 3621 465 3702 quaein
489 3619 578 3686 libris
602 3620 899 3701 traduntur,verba
928 3621 973 3686 ita
1001 3621 1044 3684 sit
1071 3620 1317 3701 interpretatus,
1353 3623 1386 3680 ut
1416 3615 1543 3683 tolleret
1564 3636 1649 3697 eam,
1685 3637 1766 3700 quae
1795 3620 1987 3691 scholiastae

173 3724 435 3804 interpretatione
458 3723 651 3790 Callimacho
673 3724 818 3800 iaicrtur,
842 3723 1098 3806 discrepantiam.
1143 3723 1244 3788 Docet
1266 3723 1348 3787 enim
1373 3719 1556 3786 a'nrdatmov
1576 3721 1667 3786 οἶκον
1688 3723 1793 3789 νειοῖο
1816 3725 1987 3806 significari

160 3826 287 3891 domum
311 3826 352 3892 ad
375 3827 567 3908 epulandum
590 3828 825 3894 accomodatam
849 3827 915 3891 sive
939 3829 979 3894 ad
1010 3828 1108 3894 uitam
1141 3828 1236 3895 beate
1266 3831 1300 3890 et
1327 3824 1473 3890 hilariter
1506 3825 1753 3906 transigendam.
1800 3827 1868 3905 Quo
1891 3848 1987 3898 seusu

160 3947 222 4010 quo
245 3929 313 3994 iure
336 3929 516 4010 ἒπιδαίσιος
543 3951 562 3996 a
591 3949 750 4015 quoquam
779 3929 840 3996 dici
863 3931 1019 4012 potuerit,
1052 3929 1137 3996 haud
1171 3929 1375 4010 intellegitur.
1421 3927 1470 3993 Ne
1487 3947 1559 4011 qua,
1586 3946 1680 4010 quam
1705 3929 1882 3997 Meiaekius
1912 3952 1984 4015 pro·

159 4032 275 4114 posuit,
298 4033 477 4098 emendatio
500 4035 662 4115 probatur.
707 4033 786 4099 Nam
811 4033 893 4117 quod
918 4032 1061 4112 ἐξαίσιον
1083 4034 1151 4098 vult
1178 4033 1335 4115 intellegi:
1371 4033 1448 4097 sorti
1485 4039 1676 4114 exemptam,
1705 4033 1757 4098 uir
1781 4040 1858 4116 puto
1881 4036 1983 4104 locum

159 4134 306 4216 inueniri,
329 4154 391 4218 quo
414 4137 568 4203 adiectiuo
591 4139 663 4203 huic
686 4157 724 4204 ea
747 4138 841 4205 tribui
865 4140 969 4218 possit
990 4139 1038 4204 vis
1060 4144 1156 4220 atque
1178 4135 1375 4218 significatio.
1418 4135 1519 4213 Quam
1543 4139 1649 4202 tamea
1672 4136 1740 4202 voci
1763 4137 1836 4205 huic
1859 4141 1984 4222 subicit,

163 4239 295 4304 alteram
320 4227 614 4322 interpretationem
637 4241 723 4308 baud
745 4244 824 4308 satis
847 4242 1024 4308 censuerim
1047 4249 1155 4323 aptant
1183 4257 1254 4305 esse
1274 4239 1314 4304 ad
1337 4245 1439 4306 totam
1455 4237 1641 4306 Callimachi
1664 4242 1832 4309 verborum
1855 4250 1984 4311 senten·

164 4343 253 4407 tiam.
286 4341 407 4408 Eadem
431 4344 471 4408 de
494 4361 591 4409 causa
614 4363 653 4408 aa
675 4344 876 4412 Valckenarii
899 4345 1027 4427 quidem
1048 4346 1270 4424 coniecturam,
1293 4343 1418 4408 etiarnsi
1441 4343 1571 4424 propius
1594 4343 1726 4409 accedat
1747 4344 1788 4408 ad
1805 4345 1984 4414 litterarum

167 4443 356 4510 traditarum
381 4448 526 4517 ductum.
558 4465 653 4528 quam
678 4447 893 4526 Meinekiana,
931 4467 1037 4514 veram
1072 4449 1221 4528 putarim.
1267 4445 1465 4511 Litterarum
1494 4446 1592 4529 igitur
1621 4448 1717 4514 ductu
1745 4465 1808 4514 aon
1841 4449 1985 4534 neglecta

173 4547 332 4630 equidem,
357 4551 549 4616 narrationis
573 4550 803 4616 Callimaebeae
826 4553 909 4634 qarod
933 4552 1126 4634 respondeat
1149 4549 1262 4625 tenori,
1285 4548 1471 4615 coniecerim
1495 4550 1697 4618 scribendum
1719 4568 1804 4617 esse:

412 4649 555 4740 adpavdn
590 4651 649 4717 οόιι
671 4653 828 4740 ἰμέγηραν
851 4655 933 4738 ἔχειν
955 4653 1006 4720 ἔνι’
1028 4654 1171 4718 everam
1193 4653 1283 4718 alnov

159 4767 195 4824 ut
218 4757 365 4828 ἐναίσιοι
388 4757 476 4822 οἶκον
509 4757 685 4838 intellegas
709 4760 848 4837 domum,
872 4779 953 4841 quae
978 4757 1144 4824 conueniat
1166 4757 1250 4822 louis
1274 4755 1435 4838 potestati.
1480 4757 1668 4824 Addeadum
1692 4758 1826 4838 uidetur,
1850 4759 1984 4825 eandem

157 4913 413 4924 ————.-—...-

250 5001 318 5060 ·ltlt
345 5001 379 5055 ci.
397 4999 486 5054 Buttra
531 5000 666 5054 Aarfdlrrl.
684 5002 784 5071 griseia,
803 5000 923 5069 Sprechl.
941 5001 976 5054 11.
994 5001 1054 5057 tul.
