4498 5736
1040 413 1080 480 ll

409 621 495 685 ἅσσα
517 623 543 686 τ’
563 619 725 696 Ἰωνιάδες
746 623 887 705 Νύμφαι
909 625 1027 707 στέφος
1050 616 1148 700 ἆγνλν
1165 621 1246 686 Ἴωνι
1263 663 1266 670 .

413 729 562 800 Πισαίοις
584 727 773 790 ποθέσασαι
794 723 842 788 dvi
862 729 1026 810 κλήροισιν
1049 725 1171 809 ὄρεξαν

412 828 506 912 ἤνυσε
528 826 592 910 γὰρ
614 825 789 913 χλούνηνδε
809 829 1040 910 μετεσσύμενος
1061 827 1266 892 σκυλάκεσσιν

406 929 556 1015 morior,
579 935 632 993 καί
654 929 782 1015 λύθρον
803 929 866 994 dciv
887 930 1050 997 ἐπλύνατο
1074 934 1172 1015 γυίων

409 1032 558 1117 ίστιίριος
578 1033 751 1119 Νύμφῃσιν
768 1032 955 1099 Ἰαονίδεσσι
977 1034 1139 1116 νυχεύσων
1148 1034 1198 1110 ⁸²).

166 1140 244 1220 Quin
266 1139 365 1221 igitur
387 1144 472 1204 recte
494 1135 674 1204 Mclnckius
696 1134 824 1200 lonidas
848 1134 904 1202 has
928 1137 1091 1220 Nymphas
1113 1137 1154 1202 ad
1184 1143 1326 1200 nostrum
1351 1134 1553 1200 advocaverit
1575 1135 1688 1217 locum,
1717 1137 1769 1202 vix
1796 1143 1874 1219 puto
1897 1155 1969 1204 esso

161 1242 378 1310 dubitandum.
430 1239 521 1318 Quod
549 1245 654 1304 tamen
684 1239 813 1304 leonem
844 1257 906 1306 non
934 1241 1094 1305 divorsum
1123 1239 1238 1306 conicit
1261 1255 1332 1302 esse
1362 1257 1382 1302 a
1410 1237 1547 1320 Cythero
1574 1237 1680 1317 fluvio,
1708 1239 1813 1305 minus
1841 1239 1968 1306 ridetur

160 1345 363 1430 probandum.
398 1345 448 1409 An
471 1361 527 1408 eos
550 1341 644 1408 malis
665 1359 815 1408 accusare
838 1343 1068 1425 neglegentiae,
1092 1343 1146 1424 qui
1163 1340 1292 1423 Cytheni
1316 1339 1476 1406 mentione
1499 1339 1582 1406 lacta
1605 1341 1748 1424 alterius,
1771 1343 1855 1425 quod
1871 1342 1968 1410 fluuio

161 1451 232 1516 huic
258 1447 494 1529 luerit,1aonis
524 1445 659 1512 nominis
688 1463 819 1526 prorsus
846 1465 908 1512 non
932 1445 1156 1513 meminerint?
1203 1444 1295 1510 Haud
1329 1449 1455 1526 putenm
1490 1443 1637 1526 equidem
1671 1463 1742 1512 cum
1771 1445 1969 1514 Bernhardio

163 1552 289 1618 Inonem
323 1553 355 1618 in
383 1551 424 1617 iis
452 1549 607 1616 Arcadiae
640 1550 870 1616 numerandum
906 1549 1082 1617 censuerim
1117 1547 1243 1627 rivulis,
1277 1547 1332 1629 qui
1366 1561 1508 1628 tempore
1531 1555 1734 1629 exaruerunt,
1767 1567 1966 1632 quorumque

156 1657 309 1722 momoria
331 1654 418 1740 apud
440 1659 586 1736 posteros
609 1671 741 1735 prorsus
764 1654 904 1720 evanuit.
951 1655 992 1717 At
1015 1650 1151 1718 fortasse
1175 1659 1294 1716 temero
1324 1650 1466 1716 conicere
1495 1669 1556 1716 non
1585 1650 1747 1732 videatur,
1780 1653 1834 1734 qui
1858 1652 1967 1718 ionem

158 1759 254 1839 illum,
277 1759 332 1842 qui
357 1777 375 1824 a
398 1757 558 1825 Nicandro
582 1754 674 1834 (1.1.)
699 1775 855 1822 unacum
880 1755 1026 1840 nymphis
1049 1753 1189 1820 traditur
1211 1759 1432 1834 pernoctasse,
1456 1772 1580 1820 amnem
1604 1755 1807 1838 intellegens,
1831 1756 1967 1823 eundem

156 1881 224 1928 esse
246 1868 378 1942 statuat,
401 1862 456 1945 qui
479 1881 498 1926 a
521 1858 716 1926 Callimacho
738 1866 869 1926 vocatur
890 1858 968 1924 Iaon
1023 1857 1163 1936 Quodsi
1194 1875 1303 1923 verum
1336 1866 1397 1932 est,
1425 1856 1518 1923 lacile
1545 1877 1583 1924 ex
1607 1877 1644 1924 ea
1667 1879 1719 1936 re,
1755 1860 1839 1941 quod
1873 1869 1968 1942 poeta

161 1965 272 2048 Alphei
296 1985 381 2048 aqua
402 1965 481 2031 dicit
502 1964 610 2030 Ionem
634 1962 759 2028 lavasse
788 1962 930 2028 membra
957 1983 1030 2038 sun,
1061 1961 1209 2042 colligas,
1243 1960 1419 2025 mutahoue
1449 1961 1616 2028 verbomm
1646 1961 1722 2028 nihil
1752 1962 1839 2030 aliud
1869 1963 1968 2046 signi·

161 2069 286 2136 ficatum
311 2087 391 2147 esse,
414 2068 475 2133 nisi
497 2067 530 2132 in
554 2065 711 2150 Alpheum
734 2065 851 2132 offundi
874 2065 992 2132 Ionem.
1009 2066 1047 2146 ι·’)
1091 2061 1178 2130 Nihil
1203 2070 1309 2129 tamen
1332 2064 1434 2130 ausim
1458 2063 1619 2131 hariolari.

287 2171 397 2237 Altera
422 2171 461 2237 de
484 2171 642 2236 Carnicae
664 2167 760 2235 fluvio
783 2178 833 2234 est
856 2169 1016 2251 quaestio,
1051 2167 1105 2250 qui
1138 2167 1170 2232 in
1206 2167 1295 2233 libris
1324 2167 1469 2234 omnibus
1498 2174 1532 2233 et
1554 2187 1574 2232 a
1596 2166 1767 2235 scholiasta
1788 2167 1968 2252 appellatur

154 2279 291 2359 Καρίων.
337 2273 452 2340 Carion
476 2279 582 2339 tamen
606 2271 721 2340 fluvius
744 2291 813 2340 cum
836 2274 868 2338 in
892 2273 1029 2339 Arcadia
1051 2290 1113 2337 non
1136 2271 1326 2349 inveniatur,
1348 2270 1507 2338 Arnaldus
1530 2270 1673 2338 observa.
1704 2291 1734 2355 p.
1763 2269 1815 2340 59.
1845 2272 1968 2338 el'au·

156 2379 246 2444 sanie
274 2377 494 2459 corrigendum
529 2377 670 2459 putavit:
714 2381 875 2461 Καρνίων,
910 2377 963 2459 qui
993 2374 1195 2440 aPnusauia
1227 2372 1344 2440 effundi
1378 2373 1517 2439 traditur
1540 2375 1571 2440 in
1602 2374 1755 2456 Alpheum
1786 2375 1875 2442 v111.
1911 2375 1967 2444 34:

153 2483 324 2560 Γαθεάτας
356 2479 502 2564 ποταμὸς
535 2479 701 2547 ἐκδίδωσιν
733 2479 767 2558 ἐς
798 2479 857 2544 τὸν
885 2479 1050 2565 Ἀλφειόν.
1090 2476 1124 2556 dg
1158 2476 1193 2540 δὲ
1226 2474 1281 2540 τίν
1313 2479 1492 2542 Γαθεάταν
1531 2481 1687 2562 πρότερον
1712 2479 1757 2544 ἔτι
1783 2475 1969 2546 adremaro

157 2585 326 2669 Καρνίων.’
360 2584 402 2649 At
424 2604 463 2649 nc
487 2584 565 2650 haec
587 2584 714 2666 quidem
731 2585 866 2650 nominis
889 2583 989 2652 lormn
1006 2581 1086 2648 sutis
1104 2587 1200 2659 corta,
1224 2597 1295 2644 cum
1313 2580 1409 2646 etiam
1421 2581 1453 2645 iu
1465 2580 1624 2648 Pausania
1635 2582 1708 2648 libri
1721 2601 1815 2665 quam
1832 2583 1968 2650 maxime

151 2690 285 2768 varient,
297 2689 423 2768 duoque
435 2685 725 2754 codiceshlcinchio
737 2695 818 2752 teste
831 2691 962 2770 Καρίων
973 2686 1152 2752 exhibeant.
1178 2682 1317 2762 Accedit,
1328 2683 1412 2764 qued
1425 2685 1457 2748 in
1469 2689 1619 2769 Καρνίων
1630 2687 1813 2752 nominativi
1827 2686 1928 2752 torma
1940 2687 1968 2753 si

154 2792 269 2856 statuis
283 2789 381 2856 luisse
393 2815 405 2852 ι
416 2789 557 2855 litteram
567 2789 703 2872 longam,
715 2792 881 2872 genetivus
893 2790 1023 2858 formari
1045 2808 1105 2854 non
1121 2792 1247 2869 poterat
1260 2789 1460 2868 Καρνιωνος,
1476 2796 1604 2854 servata
1625 2785 1719 2870 longa
1737 2815 1749 2852 ι
1765 2789 1888 2868 littera,
1911 2791 1968 2856 sed

157 2901 213 2960 aut
224 2898 404 2978 Κυρνίσνσς
415 2897 471 2958 aut
482 2895 676 2975 Καρνίωνσς.
710 2895 798 2971 Quae
817 2913 936 2975 vocum,
950 2896 981 2960 in
999 2915 1058 2957 ιωυ
1069 2910 1150 2974 quae
1168 2895 1294 2968 exeunt,
1311 2887 1537 2957 flectendarum
1552 2893 1603 2959 lex
1615 2899 1798 2959 constanter
1816 2894 1911 2960 etiam
1928 2892 1969 2960 ah

158 2997 507 3076 Homeroohserratur,
529 2999 594 3079 qui,
616 2998 644 3063 si
667 2997 698 3063 in
723 3021 781 3062 ιων
804 2999 997 3064 nominativo
1021 3023 1033 3060 ι
1054 3000 1112 3062 est'
1126 2995 1231 3068 bravo,
1255 2992 1385 3058 uerbum
1409 2994 1455 3059 ita
1477 2995 1603 3062 casibus
1626 2997 1782 3074 immutet,
1806 3003 1840 3062 ut
1861 3018 1968 3074 ιωνος,

157 3109 289 3169 emarcet
307 3099 437 3167 scribat.
469 3101 519 3166 Ah
533 3098 665 3165 Ἠετίων
687 3101 786 3182 igitur
808 3099 1066 3174 nominativoull.
1084 3098 1138 3164 VI.
1163 3095 1242 3175 3963
1266 3095 1351 3162 xxi.
1375 3094 1441 3177 43.)
1464 3099 1648 3178 genetivum
1672 3100 1788 3166 format
1799 3097 1969 3178 Ἠετίωνος·

152 3205 205 3278 (ll.
222 3205 246 3272 1.
264 3203 343 3287 3663
373 3203 426 3269 Vl.
442 3203 522 3284 3953
545 3201 633 3268 Vlll.
654 3203 727 3284 187,
751 3201 902 3284 lx.1ss;
924 3205 1009 3271 xvi.
1029 3204 1104 3282 1533
1126 3200 1229 3268 xxll.
1245 3201 1324 3279 ίλῖς
1347 3199 1427 3278 480;
1454 3201 1573 3268 ΧΧΙΙΙ.
1590 3205 1695 3285 8273).
1731 3203 1851 3270 Eodem
1875 3204 1968 3270 modo

154 3307 343 3375 Δευκαλίων
363 3307 481 3388 legitur
503 3307 541 3374 ll.
564 3305 653 3374 Xlll.
676 3305 755 3386 ⁴523
777 3307 985 3373 Δευκαλίωνα
1001 3307 1038 3373 ΙΙ.
1055 3306 1140 3372 Xlli.
1167 3308 1249 3384 ίδίς
1271 3303 1340 3370 XX.
1365 3302 1439 3370 dii.
1473 3304 1582 3390 Neque
1598 3308 1692 3375 alitor
1706 3327 1758 3374 res
1773 3325 1843 3372 sese
1869 3307 1967 3374 habet

153 3432 223 3478 cum
236 3407 426 3475 Βουκολίων
448 3408 500 3483 (cl.
514 3408 552 3476 ll.
576 3409 629 3474 Vl.
653 3407 710 3489 233
732 3409 816 3491 λῖς),
835 3409 1057 3495 Ἐρευθαλίων
1079 3411 1133 3480 ill.
1157 3409 1227 3475 llll.
1254 3409 1329 3489 1363
1352 3407 1408 3472 lV.
1431 3407 1527 3488 3193)
1550 3410 1739 3478 nominihus.
1754 3411 1795 3486 ⁸⁴)
1828 3411 1968 3487 Quorum

153 3523 260 3582 tamen
283 3513 445 3578 nominum
469 3537 480 3574 r
503 3513 535 3576 in
559 3513 754 3579 nominativo
778 3526 828 3578 ast
849 3514 987 3596 longum,
1010 3515 1042 3581 in
1066 3513 1197 3595 reliquis
1220 3510 1329 3577 formis
1351 3531 1413 3577 non
1436 3521 1584 3578 seruatur
1611 3513 1671 3578 nisi
1696 3537 1722 3578 ω
1746 3513 1776 3577 in
1796 3536 1814 3577 o
1834 3519 1968 3590 mutato,

154 3629 190 3685 ut
207 3618 360 3703 Ἀμφίων
382 3612 433 3689 (ll.
446 3614 535 3681 xlll.
549 3613 654 3696 6923),
674 3616 856 3702 ’.ίμιγίονσς
878 3617 951 3696 (οδ.
964 3617 1144 3696 x1.283;),
1167 3616 1335 3700 Ἀμφίονα
1358 3613 1433 3692 (οδ.
1457 3614 1513 3680 xl.
1535 3613 1636 3692 262),
1658 3615 1844 3689 Antoniae,
1870 3618 1968 3700 (apud
2065 3691 2068 3696 Δ
2157 3715 2161 3724 ¹

152 3724 314 3790 Homernn
338 3737 399 3784 non
423 3718 540 3801 legitur
572 3721 800 3796 nominativus)
824 3721 1027 3799 Δολοπίονος
1050 3721 1104 3801 (ll.
1127 3719 1165 3784 V.
1190 3725 1278 3800 ἰῑ;),
1309 3717 1457 3795 Matios,
1481 3720 1586 3796 (deest
1612 3720 1696 3802 apud
1721 3720 1813 3788 Hom.
1836 3722 1967 3800 nomin.)

152 3825 304 3891 Μολίονα
327 3820 380 3899 (ΙΙ.
402 3821 459 3887 xl.
482 3820 588 3902 3223),
613 3823 760 3889 Μολίονε
782 3826 834 3896 ill.
859 3825 913 3891 xl.
938 3827 1048 3902 7503),
1078 3829 1211 3907 Νομίων
1234 3829 1310 3900 (non
1334 3821 1431 3888 habat
1454 3820 1637 3902 Homerus),
1665 3827 1830 3906 Νομίονος·
1850 3823 1902 3900 (ll.
1925 3823 1968 3892 11.

153 3929 262 4007 8⁷15),
293 3930 440 4010 Κρονίων
461 3924 514 4002 (ll.
538 3925 591 3990 lV.
614 3925 693 4009 aaa
723 3921 913 4010 x111.319;
938 3927 1017 4006 7833
1039 3927 1107 3994 XV.
1132 3929 1208 4008 254;
1232 3927 1317 3993 XVI.
1341 3925 1418 4007 66λ;
1442 3925 1543 3991 xvll.
1569 3924 1647 4006 aaa
1670 3925 1750 4006 4413
1778 3924 1867 3993 XIX.
1890 3925 1970 4010 3t03

148 4133 380 4148 “-

271 4287 317 4352 82)
345 4287 379 4338 ct'.
397 4288 474 4338 atium
498 4287 569 4340 Paua
602 4288 648 4341 vl.
666 4287 710 4352 22,
732 4289 760 4342 i:
787 4287 923 4359 Ὀνόματα
941 4289 995 4363 μίν
1012 4287 1107 4362 ίκοίοιμ
1124 4289 1177 4342 τείν
1199 4288 1317 4360 νυμφῶν
1342 4285 1512 4356 Καλλιιμύιιο
1534 4287 1580 4340 καί
1598 4287 1764 4349 Σονάλλαξις
1784 4285 1968 4352 (Συνοίλθαξις

153 4375 272 4429 Lobock.
290 4373 368 4425 Parth.
387 4389 413 4439 p.
432 4372 502 4435 nlo)
520 4373 566 4426 καί
585 4376 695 4442 Πηγαία
713 4391 738 4427 τι
754 4375 799 4428 καί
812 4379 902 4442 Ἴασις,
930 4379 960 4431 ίν
979 4377 1062 4448 καινῷ
1086 4376 1117 4430 δι’
1140 4391 1233 4446 σφισιν
1252 4376 1387 4439 ἐπίκλησις
1409 4373 1533 4434 Ἰωνίδες.
1558 4375 1715 4446 ίονομίνοκ
1736 4375 1765 4428 δὲ
1789 4379 1819 4428 lv
1842 4375 1872 4451 'p‘
1894 4378 1968 4450 πηγῇ

156 4457 286 4532 καμάτων
304 4460 330 4511 τί
348 4459 401 4511 ἐστι
419 4459 465 4512 καί
482 4456 645 4530 ἀλγημάτων
664 4463 801 4516 παντοίων
819 4459 928 4534 ίείματα.
942 4466 1085 4518 καλιίσθσι
1095 4463 1124 4518 di
1138 4461 1183 4525 τᾶς
1195 4458 1305 4533 νύμφας
1314 4459 1470 4523 σ’πίἼοινσς
1479 4461 1586 4532 λέγουσι
1598 4459 1751 4532 Γαργήτταυ
1763 4460 1968 4534 μετοικήσαντος

153 4547 275 4601 ίνταίθα
293 4546 321 4604 ἐξ
339 4541 465 4610 Ἀθηνῶν,
501 4549 628 4606 ίλίοίτιολ.
648 4548 738 4615 philol.
757 4566 842 4604 exerc.
864 4551 898 4604 11.
918 4567 943 4619 p.
962 4552 1016 4608 40.)

274 4633 320 4698 83)
348 4631 382 4686 cl.
405 4641 493 4688 ίιιιττοτι
518 4635 633 4687 Schneid
668 4633 796 4691 Nianrrdr.
825 4655 842 4704 p
869 4636 917 4703 35,
942 4639 986 4704 qni
1009 4638 1136 4690 Nicandri
1158 4639 1248 4702 verba,
1273 4653 1341 4704 queo
1363 4638 1562 4703 corruptissimo
1585 4637 1740 4698 iaculantur,
1763 4651 1872 4702 prorsus
1893 4637 1969 4690 aliter

152 4723 210 4774 vult
228 4720 358 4788 intellegi.

270 4805 317 4862 84)
335 4807 369 4860 σί.
388 4808 466 4858 etum
482 4809 662 4876 Γοργυθίωνα
679 4810 710 4862 ll.
730 4811 803 4862 vlu.
815 4807 883 4866 ³⁰23
902 4805 1061 4876 Εὐρυτίωνα
1073 4810 1123 4861 Οδ.
1136 4809 1208 4864 xxl.
1221 4806 1286 4873 ihm
1300 4807 1477 4868 Ἱπποτίωνος
1493 4809 1524 4862 ΙΙ.
1543 4809 1619 4862 Χλίί.
1633 4808 1700 4867 ίίλθί
1720 4808 1886 4863 Ἱπποτίωνα
1899 4809 1968 4867 le.

153 4891 220 4956 51⁴3
242 4887 795 4960 'AgeriumXX.38‘2;'1aoimraOd.V.
819 4894 878 4958 lam
899 4911 1010 4962 qnorum
1035 4896 1213 4948 nominativos
1238 4898 1309 4964 apud
1333 4897 1478 4948 Homerum
1500 4913 1554 4950 non
1576 4898 1682 4964 legitur.
1717 4896 1793 4950 Addo
1816 4892 1969 4966 Ἀκτορίωνε

147 4977 321 5045 ll.11.tlll;
343 4980 390 5033 xl.
410 4980 469 5044 750,
488 4981 586 5040 xxlll.
607 4978 673 5050 638;
691 4981 863 5052 Ἀκτορίωνος
879 4983 901 5036 ll
928 4983 994 5036 xlll
1027 4981 1089 5046 tua
1107 4979 1353 5053 Nrdcpa'mvoalv.
1370 4979 1431 5035 lla,
1719 5053 1736 5108 ³
