4504 5784
1102 449 1122 514 5

201 654 366 738 archetypi
388 655 473 721 illius
497 654 677 737 byzantini,
705 655 789 738 quod
812 655 862 722 his
885 655 1081 737 temporibus
1108 656 1172 720 iam
1201 673 1263 722 non
1287 655 1412 721 videtur
1434 661 1559 722 exstare
1569 654 1622 734 ²⁰),
1657 654 1841 722 condicione
1876 661 2017 722 censeat

199 758 247 824 Ac
269 760 405 841 primum
428 758 557 842 quidem
579 759 718 825 codicem
740 760 830 826 illum
852 759 1058 842 archetypum
1081 761 1234 842 scriptum
1257 758 1358 824 luisse
1380 759 1494 824 conicit
1517 758 1638 823 infolio
1657 759 1742 840 quod
1758 759 2015 838 dicuntminore,

198 867 236 926 ut
258 862 289 926 in
312 863 429 945 pagina
450 880 562 938 versus
584 870 693 928 essem
713 860 780 930 lere
803 863 885 927 terni
915 863 1023 928 viceni.
1069 862 1157 942 Quae
1190 871 1296 929 tamen
1330 861 1371 928 ad
1407 861 1671 945 comprobandam
1707 861 1789 930 hanc
1823 862 2015 930 sententiam

199 965 308 1032 attulit
329 972 537 1048 &argumenta
571 983 609 1031 ea
635 966 777 1047 negarim
805 983 876 1031 esse
902 965 990 1044 talia,
1024 986 1062 1032 ex
1090 965 1204 1050 quibus
1227 973 1349 1032 certum
1372 965 1412 1031 de
1434 966 1606 1048 archetypo
1630 965 1684 1031 illo
1707 965 1830 1032 feratur
1853 965 2018 1032 iudicium.
2122 951 2126 968 '

197 1066 311 1150 Neque
333 1069 417 1134 enim
440 1088 479 1134 ex
501 1085 620 1148 earnm,
644 1087 727 1150 quae
749 1070 782 1136 in
798 1069 983 1136 Callimachi
1000 1070 1124 1152 hymnis
1139 1069 1232 1134 nobis
1247 1076 1426 1146 occurrunt,
1442 1070 1638 1149 lacunarum,
1662 1069 2017 1134 vicenorumternnrum

198 1190 347 1239 uersuum
370 1173 475 1254 spatio
498 1173 736 1253 diremptarum,
759 1173 943 1240 condicione
965 1175 1044 1238 satis
1067 1191 1223 1255 apparere
1246 1173 1379 1251 videtur,
1404 1171 1434 1237 in
1458 1172 1592 1254 singulis
1601 1171 1771 1254 archetypi
1795 1169 1922 1254 paginis
1946 1189 2016 1236 uer-

200 1293 255 1341 sus
277 1275 377 1340 luisse
399 1276 511 1357 viginti
534 1281 610 1355 tres,
633 1293 736 1357 neque
759 1276 905 1343 Vaticani
928 1273 1066 1342 XXXVI
1089 1277 1156 1356 (Β),
1180 1278 1235 1359 qui
1258 1296 1297 1342 ex
1323 1276 1478 1358 turispae
1501 1273 1594 1342 fluxit
1620 1276 1815 1358 apographo,
1848 1274 2018 1356 librarium,

201 1398 239 1444 ea
261 1379 292 1444 in
316 1397 361 1459 re,
395 1377 480 1461 quod
503 1377 535 1442 in
558 1377 693 1460 singulis
715 1380 831 1446 codicis
855 1379 980 1462 paginis
1004 1397 1116 1445 uersus
1139 1381 1302 1461 posuisset
1323 1379 1434 1464 viginti
1458 1386 1536 1458 tres,
1570 1397 1698 1444 servare
1722 1378 1860 1444 voluisse
1884 1385 2017 1454 eonten-

199 1482 301 1550 derim
323 1500 394 1548 cum
417 1481 574 1563 Autispae
597 1483 779 1564 apographo
802 1483 918 1550 codicis
942 1481 1108 1564 archetypi
1131 1483 1311 1564 imaginem.
1349 1483 1449 1560 Quam
1465 1482 1601 1548 maxime
1622 1488 1727 1547 tamen
1751 1481 1827 1548 mihi
1851 1482 2017 1567 probatur,

199 1586 283 1668 quod
306 1585 518 1651 Schneiderus
542 1584 747 1667 archetypum
771 1582 850 1650 illud
875 1579 1087 1668 Byzantinu'm
1109 1587 1202 1651 docet
1224 1587 1378 1668 scriptum
1400 1604 1472 1652 esse
1495 1584 1621 1651 saeculo
1645 1584 1702 1650 XI.
1747 1583 1781 1650 Si
1805 1585 1901 1664 enim,
1931 1601 2014 1666 quae

201 1688 325 1756 dnobus
349 1687 509 1755 codicibus
531 1688 695 1756 Vaticanis
717 1694 793 1752 sunt
815 1689 999 1770 peculiaria,
1025 1705 1094 1754 cum
1122 1686 1232 1754 iliadis
1255 1689 1372 1755 codicis
1396 1687 1553 1754 VenetiB
1576 1707 1605 1753 n.
1630 1687 1703 1764 aba,
1727 1688 1780 1770 qui
1805 1687 1932 1754 saeculo
1955 1687 2012 1754 XI.

197 1799 247 1859 est
269 1792 417 1874 scriptus,
438 1791 686 1874 proprietatibus
709 1793 1007 1873 comparaverimus,
1037 1792 1068 1857 in
1093 1791 1253 1874 plerisque
1282 1798 1450 1873 utrumque
1479 1791 1525 1857 ita
1553 1792 1639 1857 iuter
1668 1809 1702 1856 se
1735 1790 1909 1858 videbimus
1941 1809 2015 1858 con·

196 1897 324 1975 sentire,
347 1903 383 1959 ut
405 1913 482 1960 saue
505 1915 566 1961 non
590 1897 632 1960 sit
654 1893 873 1975 dubitandum,
897 1897 972 1979 quin
995 1895 1036 1962 ad
1060 1897 1154 1974 idem,
1178 1898 1268 1962 cuius
1290 1903 1341 1962 est
1362 1895 1459 1961 codex
1476 1895 1618 1961 Venetus
1636 1894 1672 1976 B,
1696 1893 1884 1961 Callimachi
1901 1894 2014 1960 arebe-

200 2005 311 2082 typum
337 1998 539 2064 relerendum
561 1998 605 2063 sit
627 1998 789 2063 saeculum
2003 1988 2005 1990 ’

326 2099 374 2166 Ne
396 2105 502 2166 tamen
526 2101 700 2182 disputatio
723 2106 833 2166 nostra
853 2100 979 2183 longius
1002 2103 1130 2169 aberret
1151 2103 1191 2168 ab
1215 2121 1262 2182 eo,
1297 2101 1381 2184 quod
1411 2107 1461 2167 est
1495 2101 1704 2183 propositum,
1737 2100 1777 2166 ad
1814 2101 1916 2182 ipsum
1952 2101 2014 2165 iam

198 2203 384 2270 Callimachi
407 2205 594 2270 accedamus
616 2203 776 2286 hymnum,
809 2205 864 2287 qui
892 2210 943 2270 est
970 2205 1002 2269 in
1033 2204 1149 2272 Iouem.
1204 2206 1384 2272 Editionem
1408 2207 1438 2270 in
1462 2205 1639 2271 enarrando
1662 2203 1778 2287 hymno
1802 2203 1861 2270 hoc
1884 2208 2018 2274 secutus.

200 2326 270 2373 surn
295 2307 461 2389 Meinelrii;
484 2327 504 2372 a
525 2326 588 2390 quo
610 2307 679 2373 viro
700 2305 967 2374 excellentissimo
991 2308 1106 2390 quibus
1122 2327 1247 2392 quoque
1270 2310 1339 2376 loco
1355 2308 1450 2374 rebus
1467 2307 1662 2388 dissentiam,
1685 2325 1723 2372 ex
1746 2325 1785 2372 ea
1807 2326 1889 2390 quac
1905 2309 2013 2391 sequi·

200 2420 253 2476 tur
275 2410 442 2493 apparebit
464 2411 729 2477 commentatione

328 2514 453 2597 Hymen
487 2514 546 2579 hoc
578 2510 723 2595 Iuppiter
756 2514 835 2580 deus
871 2534 890 2580 a
924 2521 1020 2596 poeta
1058 2517 1104 2582 ita
1132 2514 1326 2596 celebratur,
1368 2522 1404 2582 ut
1442 2534 1505 2581 uno
1520 2547 1526 2558 ·
1543 2515 1604 2581 hoe
1648 2515 1787 2580 carmine
1825 2514 2016 2595 fabularum,

197 2635 279 2702 quae
306 2617 346 2684 ad
374 2619 467 2684 deum
496 2619 580 2684 hanc
608 2616 824 2700 pertinebant,
860 2624 946 2684 totus
974 2619 1042 2686 lere
1069 2619 1356 2701 comprehendatur
1384 2619 1479 2686 orbis.
1525 2617 1606 2684 Nam
1636 2623 1762 2699 operm,
1796 2635 1859 2700 quo
1886 2637 2012 2684 carmen

196 2721 393 2802 scripsisset,
428 2721 558 2786 consilio
595 2723 658 2797 (vr.
691 2721 799 2798 1-3.)
832 2721 989 2804 duplicem
1017 2723 1120 2802 illam,
1153 2742 1235 2806 quae
1264 2723 1304 2787 de
1332 2719 1415 2788 Iovis
1445 2718 1644 2788 incunabulis
1675 2720 1853 2801 ferebatur,
1889 2721 2017 2801 attingit

196 2824 348 2892 fabulam.
398 2825 546 2890 Cretibus
575 2843 665 2900 vern,
696 2824 750 2905 qui
780 2825 910 2890 deorum
940 2828 1113 2908 principem
1143 2827 1174 2891 in
1203 2826 1308 2892 Idaeis
1338 2827 1497 2891 montibus
1527 2825 1762 2892 contendebant
1791 2842 1861 2889 esse
1891 2829 2014 2900 natum,

194 2928 257 2994 fide
280 2947 340 2994 nou
364 2928 474 2994 habita
495 2928 527 2992 in
550 2925 691 3010 Lycaeo,
726 2928 778 3010 qui
803 2929 957 2994 Arcadiae
984 2938 1054 2995 erat
1081 2947 1186 3010 mone,
1220 2930 1339 2995 Rbeam
1373 2949 1445 2994 eum
1479 2932 1643 3012 peperisse
1675 2929 1752 2994 dicit
1775 2929 1842 3009 (vu.
1875 2929 2014 3004 1-15y.

195 3031 284 3110 Quod
309 3031 415 3097 Rheae
437 3031 638 3114 puerperium
662 3049 797 3113 magnae
822 3031 997 3098 Arcadibus
1019 3032 1119 3100 luisse
1142 3033 1249 3100 saluti.
1296 3033 1429 3098 Frustra
1452 3034 1536 3098 enirn
1559 3035 1667 3112 deam,
1691 3049 1762 3098 cum
1786 3037 1854 3096 tota
1879 3031 2015 3098 Arcadia

195 3155 233 3201 eo
256 3142 398 3216 tempore
412 3134 527 3200 luisset
549 3136 641 3214 sicca,
664 3137 828 3217 quaesisse
852 3153 976 3218 aquam,
1000 3156 1063 3220 qua
1085 3155 1218 3218 puemm
1241 3154 1352 3202 recens
1374 3144 1485 3202 natum
1501 3135 1656 3202 ablueret.
1693 3135 1892 3200 Necessitate
1915 3136 2016 3220 igitur

198 3243 339 3304 coactam
379 3257 396 3302 e
436 3244 543 3304 monte
576 3238 687 3304 baculo
719 3257 871 3320 percusso
904 3240 1052 3308 elicuisse
1085 3260 1200 3323 aquam
1234 3259 1430 3322 puerumque
1462 3240 1597 3306 lavasse.
1662 3238 1740 3304 Inde
1773 3256 1848 3303 vero
1882 3237 1922 3304 ab
1957 3237 2016 3307 hoc

197 3349 340 3424 tempore
363 3342 531 3407 Arcadiam
555 3360 638 3424 aqna
661 3340 841 3408 abundasse
864 3344 930 3428 (vv.
956 3344 1119 3423 15--3ay,
1164 3343 1231 3408 Iam
1254 3349 1363 3425 poeta,
1392 3344 1446 3426 qui
1471 3343 1578 3408 lovem
1601 3343 1631 3408 in
1655 3341 1752 3407 Idaeo
1775 3347 1882 3408 monte
1905 3347 2015 3410 natum

195 3463 265 3510 csse
282 3446 419 3526 negavit,
442 3445 502 3510 hoc
517 3446 643 3526 quidem
660 3445 860 3512 Cretensium
875 3444 1002 3512 fabulae
1019 3445 1141 3524 tribuit
1165 3453 1210 3524 ut,
1232 3465 1327 3529 quem
1343 3447 1432 3512 Rhea
1453 3447 1486 3511 in
1504 3447 1640 3513 Arcadia
1661 3447 1858 3528 peperisset,
1882 3464 2015 3527 puemm

190 3545 224 3610 in
250 3543 348 3611 Creta
377 3547 482 3612 insula
516 3550 701 3614 concederet
730 3566 800 3614 esse
830 3549 931 3615 cltum
965 3555 1062 3633 atque
1097 3550 1264 3616 educatum
1326 3548 1433 3614 Nedae
1465 3549 1562 3629 igitur
1596 3549 1754 3630 nymphae
1789 3548 1866 3615 dicit
1894 3550 2015 3618 Rheam

193 3649 362 3732 puerulum
386 3649 512 3715 dedisse
535 3651 699 3716 ferendum
723 3651 892 3722 Cretaeum
914 3653 945 3717 in
969 3660 1113 3728 antrum,
1147 3653 1200 3716 uhi
1224 3653 1304 3719 elam
1328 3653 1467 3720 Saturno
1496 3659 1586 3734 patre
1610 3653 1807 3719 educaretur.
1854 3651 1922 3728 Quo
1945 3652 2015 3716 loco

194 3753 278 3818 haud
310 3753 416 3834 inepte
444 3754 549 3827 addit,
585 3753 717 3834 flumen,
751 3758 835 3837 quod
863 3777 881 3822 e
909 3755 995 3822 fonte
1028 3755 1082 3821 illo
1110 3755 1240 3822 aRhea
1273 3763 1438 3838 procreato
1464 3755 1681 3838 profluxisset,
1718 3775 1737 3821 a
1765 3755 1826 3820 dea
1856 3754 2013 3836 nymphae

194 3855 328 3937 gratiam
352 3856 509 3922 referente
531 3857 640 3922 Nedae
664 3859 860 3940 appellatum
884 3877 955 3924 esse
990 3859 1132 3934 nomine,
1164 3875 1372 3942 campumque
1404 3860 1491 3924 illum
1517 3859 1719 3941 Omphalium
1749 3859 1833 3924 haud
1864 3857 2016 3940 procula

198 3959 301 4023 Gnoso
330 3961 408 4025 urbe
436 3961 532 4024 situm
563 3961 637 4025 iude
660 3979 772 4027 nomeu
804 3982 896 4028 suurn
924 3963 1061 4045 cepisse,
1095 3962 1179 4045 quod
1206 3961 1272 4027 Iovi
1302 3965 1433 4044 puerulo
1461 3964 1530 4029 loco
1557 3962 1616 4027 hoc
1645 3962 1816 4027 decidisset
1845 3961 2014 4027 umbilicus

195 4069 262 4137 (vv.
287 4061 450 4142 33-cey
485 4064 520 4128 ln
545 4072 635 4130 antro
660 4065 811 4145 Cretaeo,
833 4069 938 4148 pergit
960 4074 1070 4149 poeta,
1094 4068 1187 4131 deum
1212 4067 1399 4132 amaltheae
1423 4086 1537 4149 caprae
1559 4066 1642 4132 lacte
1664 4082 1824 4146 apumque
1847 4065 2014 4131 idaearum

194 4165 288 4230 melle
316 4168 484 4244 nutritum,
518 4185 538 4230 a
572 4167 717 4249 nymphia
749 4171 933 4249 educatum,
967 4188 987 4234 a
1018 4169 1189 4240 Curetibus
1217 4170 1407 4236 custoditum
1439 4171 1525 4234 breui
1557 4177 1700 4250 ternpore
1735 4167 1913 4248 ingressum
1945 4185 2016 4234 esse

192 4269 395 4350 pubertatem
418 4270 569 4352 caelique,
593 4287 663 4336 eum
686 4272 803 4356 ingenii
827 4273 996 4337 excelleret
1018 4274 1225 4355 praestantia,
1248 4272 1423 4338 obtinuisse
1446 4271 1612 4353 imperium
1636 4273 1698 4354 (vv.
1724 4269 1891 4349 rto-au).
1920 4269 2012 4349 Quod

190 4387 255 4438 non
278 4378 364 4437 sorte
387 4375 415 4438 ei
440 4373 603 4455 obtigisse,
619 4376 683 4439 sed
706 4393 764 4441 sua
787 4378 887 4457 ipsius
911 4378 939 4440 vi
964 4385 1060 4459 atque
1090 4376 1203 4442 robore
1228 4377 1333 4442 Iovem
1356 4394 1463 4441 rerum
1486 4375 1621 4457 potitum
1645 4393 1727 4449 esse,
1754 4376 1818 4457 qui,
1843 4383 1878 4439 ut
1901 4377 2014 4440 alitum

194 4475 286 4554 lonae
309 4480 621 4556 praestantissimum
645 4480 848 4560 auguriorum
866 4497 994 4568 suornm
1012 4479 1204 4544 instituisset
1227 4481 1381 4558 nuntium,
1404 4481 1449 4544 ita
1472 4479 1555 4543 inter
1577 4477 1720 4544 homines
1739 4479 1792 4560 qui
1816 4477 2016 4557 excellerent,

195 4597 249 4644 eos
278 4579 310 4644 in
339 4581 433 4644 terris
463 4581 511 4645 sui
544 4582 677 4648 vicarios
709 4599 779 4647 esse
813 4581 972 4647 voluisset.
1029 4582 1186 4648 Minorurn
1221 4582 1318 4666 igitur
1352 4576 1469 4660 rerum,
1503 4583 1533 4646 iu
1571 4582 1685 4664 quibus
1720 4581 1838 4663 singuli
1874 4581 2017 4644 homines

194 4689 417 4762 uersarentur,
448 4686 726 4751 administratione
755 4686 888 4768 singulis
917 4703 1067 4753 concessa
1095 4686 1156 4751 diis
1188 4687 1291 4767 ipsum
1322 4687 1429 4752 locem
1453 4703 1545 4766 reges
1568 4686 1599 4750 in
1624 4684 1718 4752 tidem
1741 4704 1834 4750 suam
1856 4685 2016 4765 recepisse

196 4787 257 4868 (vv.
292 4784 453 4870 cio-as).
500 4787 569 4864 Qua
603 4788 767 4854 occasione
801 4807 909 4870 regum
941 4789 1169 4857 laudandorum
1204 4788 1312 4853 oblata
1346 4791 1375 4854 in
1407 4789 1580 4855 Ptolomaei
1614 4792 1697 4871 regis
1735 4798 1831 4870 poeta
1858 4789 2018 4854 delabitur

314 5027 362 5086 20)
389 5030 481 5096 Neque
498 4989 630 5096 Amrispaa
648 5045 697 5080 nec
717 5031 851 5097 Plrilelphi
878 5029 1032 5097 apographa
1051 5029 1129 5082 hodie
1149 5037 1253 5082 exstare
1271 5031 1401 5082 videntur.
1439 4999 1471 5083 el.
1493 5030 1617 5084 Schneid.
1635 5032 1680 5085 l.l
