4498 5736
1048 421 1085 486 15

937 507 1194 520 —Q——u-

179 639 249 703 deae
279 637 376 722 πῆχυν
408 635 603 702 laudantem.
648 631 684 696 In
716 629 831 710 hymno
862 629 892 692 in
917 626 1008 693 Dian.
1033 645 1061 690 v.
1085 626 1135 692 iti.
1171 633 1266 708 pocta
1301 624 1440 692 Brontae
1476 643 1623 708 magnum
1659 628 1772 696 tribuit
1800 635 1973 714 pectus²⁸).

178 741 277 822 Neque
298 759 368 805 vero
391 737 490 802 solam
520 736 679 800 adiectivo
707 731 766 796 hoc
793 730 915 813 μέγας
937 729 1109 811 dipiuam
1132 748 1152 794 u
1175 727 1369 793 Callimacho
1404 726 1578 808 significari
1613 733 1883 816 maiestatem,
1918 739 1975 804 sed

179 846 265 908 etiam
288 843 381 924 ipsius
405 841 547 922 corporis
570 836 816 916 intellegendam
840 851 911 898 esse
934 833 1194 913 magnitudinem,
1224 850 1287 913 qna
1310 831 1354 896 dii
1377 831 1477 895 multo
1500 843 1652 914 superent
1675 835 1827 915 hominen,
1852 851 1888 904 nc
1909 841 1974 907 alia

176 947 295 1024 mittam,
329 964 367 1010 ex
389 943 497 1026 hymni
522 942 554 1006 in
577 939 723 1006 Cererem
748 957 774 1002 v.
801 935 852 1007 59.
877 937 1016 1020 colligas.
1063 935 1159 1002 Ceres
1183 936 1370 1014 enimcum
1394 935 1568 1002 sacerdotis
1592 955 1670 1004 suae
1695 938 1848 1024 Nicippue
1871 941 1974 1025 figura

175 1059 203 1114 et
224 1051 319 1130 specie
342 1047 454 1114 induta
477 1041 700 1124 Erysichthoni
724 1044 912 1124 persuadere
934 1058 994 1104 non
1019 1047 1137 1120 posset,
1171 1045 1207 1102 ut
1239 1055 1349 1104 sacrae
1384 1039 1462 1101 deae
1492 1047 1637 1117 parceret
1658 1043 1775 1124 arbori,
1809 1045 1971 1113 infandam

174 1154 304 1234 concepit
334 1151 424 1226 iram,
458 1146 604 1227 luemque
627 1144 687 1210 dea
710 1147 838 1226 ἴδμοτο
859 1147 919 1224 μὲν
940 1148 1052 1224 χέρσον,
1083 1141 1210 1226 reputet
1242 1140 1279 1204 δέ
1300 1138 1332 1204 οἱ
1356 1139 1458 1223 διμοδ
1477 1138 1640 1224 Ὀλύμπιε.

289 1253 376 1318 hlter
392 1253 478 1317 locus
495 1251 611 1313 iniuria
628 1265 647 1310 a
665 1246 824 1311 nonnulhs
843 1247 1046 1327 impugnatus
1064 1244 1298 1327 legiturv.18.,
1317 1243 1380 1318 ubi,
1402 1244 1433 1306 in
1454 1242 1539 1308 ἀλλὰ
1552 1249 1708 1326 particula
1723 1256 1898 1334 postposita
1917 1259 1972 1338 qui

171 1356 297 1434 offendit,
311 1355 473 1420 Reishius:
491 1349 620 1414 Λάδων
630 1347 687 1429 γὰρ
704 1349 795 1412 odam
811 1350 1012 1414 scribendum
1029 1367 1099 1414 esse
1115 1348 1258 1414 coniecit.
1286 1344 1385 1422 Quem
1402 1355 1530 1412 secutus
1548 1349 1779 1421 Volkmannns:
1796 1356 1864 1422 ἀλλ’
1878 1359 1971 1425 οὔπω

168 1459 284 1524 Addua
295 1457 486 1526 Callimacho
502 1453 732 1520 restituendum
749 1453 884 1533 putavit.
918 1454 960 1518 At
972 1470 1033 1516 non
1046 1469 1125 1528 esse,
1150 1452 1181 1516 in
1194 1469 1256 1530 quo
1268 1449 1339 1530 quis
1356 1446 1503 1527 offendat,
1522 1453 1590 1532 ipse
1607 1461 1745 1523 testatur
1759 1459 1972 1530 Callimachus
2068 1459 2073 1474 '

170 1565 321 1645 Epigram.
346 1561 383 1624 V.
411 1562 457 1624 tl.
480 1557 568 1621 libris
592 1554 864 1620 consentientibus
881 1555 1038 1620 scribens:
1062 1554 1209 1618 Κλεινίου
1231 1551 1316 1616 ἀλλὰ
1339 1556 1476 1636 δογοτρῑ
1492 1553 1583 1620 didon
1598 1555 1704 1644 χάριν.
1738 1562 1807 1640 Qua
1823 1563 1970 1648 loquendi

168 1668 282 1730 ratione
304 1683 365 1729 non
391 1662 492 1727 solum
517 1677 608 1723 usum
632 1677 703 1722 esse
727 1657 965 1732 Callimachum,
997 1665 1029 1722 et
1058 1675 1096 1722 ex
1119 1658 1167 1737 iis,
1201 1659 1255 1738 qni
1290 1658 1321 1722 in
1346 1657 1474 1724 Anthol.
1498 1658 1565 1725 Pal.
1588 1661 1801 1747 inveniuntur,
1836 1680 1969 1752 apparet

168 1769 286 1848 locis’⁵)
310 1776 343 1830 et
366 1767 397 1844 ii,
421 1783 499 1846 qaros
524 1761 664 1826 Naekius
688 1761 855 1842 laudarit),
891 1767 991 1825 testes
1020 1769 1095 1826 sunt
1125 1761 1252 1842 linguae
1276 1759 1416 1826 Graecae
1440 1771 1593 1829 eructares.
1639 1767 1800 1836 Particula
1833 1773 1970 1856 denique

166 1870 245 1956 pm.
270 1872 336 1946 22.)
360 1871 391 1934 in
423 1866 528 1934 media
557 1865 661 1946 posita
679 1865 836 1964 oratione,
870 1883 926 1945 pro
949 1881 1012 1945 qua
1036 1863 1266 1928 Valckenarius
1288 1869 1372 1930 teste
1397 1865 1555 1932 hdeinekio
1578 1872 1687 1954 reponi
1712 1873 1811 1938 voluit
1834 1875 1883 1961 δὴ,
1905 1895 1968 1942 non

166 1975 260 2040 solum
283 1975 385 2040 altero
409 1969 592 2035 Callimachi
616 1965 761 2032 firmatur
784 1967 860 2047 loco,
890 1967 973 2049 hym.
1004 1969 1034 2032 in
1061 1965 1134 2032 Lau.
1160 1966 1237 2031 Pali.
1264 1968 1337 2043 121,
1362 1968 1431 2033 ubi:
1463 1973 1582 2052 μα’ντιν
1604 1972 1675 2037 ἐπεὶ
1696 1978 1789 2061 opud
1812 1999 1926 2042 νιν-
1949 1979 1968 2066 ἧ

161 2083 239 2160 μέγα
260 2080 325 2140 τοῖν
347 2074 455 2138 ἄλλων
477 2073 550 2158 δήτι
571 2073 798 2156 περισσότερον
820 2071 947 2150 legitur,
981 2071 1037 2134 sed
1065 2071 1161 2135 etiarn
1185 2071 1284 2150 ipsius
1310 2070 1437 2136 Homeri
1461 2071 1611 2154 loquendi
1636 2095 1704 2158 osu,
1739 2098 1758 2144 a
1782 2099 1843 2162 qno
1867 2085 1969 2164 porri.

164 2183 259 2248 culam
284 2181 302 2267 η’
326 2183 365 2246 ab
388 2179 478 2243 lnltio
503 2179 533 2240 in
557 2178 694 2240 mediam
718 2175 892 2239 orationem
916 2181 1087 2240 retractum
1111 2173 1253 2238 videmus
1275 2175 1306 2238 in
1331 2173 1445 2257 Odyss.
1468 2175 1527 2243 Ill.
1545 2177 1626 2243 3li:

387 2277 431 2359 uir·
453 2277 543 2364 ὑμεῖς
565 2280 633 2362 παῤ
657 2279 744 2359 ἐμοῖο
767 2276 854 2361 θοὴν
876 2275 931 2340 ἐπὶ
954 2279 1015 2361 νῆα
1036 2281 1134 2340 κίοιτε

387 2385 432 2462 οἷς
451 2387 484 2447 τέ
504 2407 556 2447 τοι
577 2381 597 2467 ἦ
618 2381 711 2464 monol
735 2378 875 2464 πάμπαν
897 2378 1068 2462 ἀνείμονος
1091 2378 1147 2466 ἠδὲ
1170 2383 1323 2463 πενιχροῦ
1346 2387 1379 2444 ct
1402 2380 1489 2446 XIX.
1519 2381 1591 2449 109:

387 2487 430 2566 aig
452 2492 486 2552 τέ
508 2509 560 2552 τεο
584 2483 604 2570 ἦ
625 2484 778 2569 βασιλῆος
798 2483 967 2566 ἀμύμονος
990 2483 1024 2562 ὅς
1046 2508 1079 2547 τε
1101 2481 1303 2568 δεοοδής”).

160 2593 292 2675 Saepius
316 2591 394 2656 illud
417 2589 437 2675 ἤ
458 2589 617 2654 invenitur
639 2593 712 2668 post
735 2589 910 2656 vocativum
936 2587 985 2652 vel
1009 2587 1268 2652 exclamationem
1293 2589 1442 2668 positum.
1490 2589 1587 2654 Cuius
1622 2593 1668 2657 rei
1699 2595 1852 2676 exempla,
1887 2616 1969 2679 qrrae

159 2698 257 2762 multa
281 2695 445 2762 Behkerus
469 2693 703 2773 compescite),
727 2691 930 2756 inveniuntur
953 2693 983 2754 in
1002 2689 1092 2754 Hom.
1117 2690 1151 2755 ll.
1176 2688 1231 2754 Ill.
1256 2693 1334 2756 252:
1974 2715 1977 2722 ¹

615 2793 642 2858 ὦ
664 2799 786 2870 πέπον,
809 2792 828 2878 ἦ
848 2799 909 2876 μέν
931 2796 982 2857 σοί
1004 2817 1038 2878 γε
1062 2793 1168 2878 πατὴρ
1192 2791 1381 2858 ἐπετέλλετο
1405 2845 1412 2859 ,
1437 2841 1447 2860 .
1471 2845 1480 2860 .

385 2899 500 2966 XXIV.
517 2898 594 2966 7t8:
613 2898 732 2980 Ἕκτορ,
755 2897 821 2984 ἐμῷ
844 2901 942 2986 dormi
966 2900 1100 2962 πάντων
1124 2895 1209 2962 πολὺ
1232 2896 1366 2979 φίλτατε
1389 2897 1530 2975 παίδων,

617 2998 717 3086 ἦμέν
737 3025 794 3084 μοι
816 2999 896 3079 ζοιύς
920 3025 981 3083 περ
1005 3001 1067 3064 ἐών
1090 2999 1186 3084 φίλος
1209 2996 1296 3084 ἦσθα
1320 3005 1459 3076 θεοῖσιν,

295 3109 452 3177 Theocrit.
478 3107 514 3171 V.
539 3105 596 3171 79:
620 3103 646 3167 ni
669 3109 793 3180 Παιάν,
818 3103 837 3189 ἦ
860 3104 1025 3188 στωμύλος
1049 3101 1136 3189 ἦσθα

211 3217 371 3296 Aristoph.
397 3211 491 3292 Vesp.
516 3207 597 3275 209:
623 3206 660 3292 νὴ
683 3209 734 3270 Δί’
756 3205 775 3292 ἦ
796 3231 855 3290 μοι
878 3258 884 3272 .
908 3260 915 3273 .
940 3260 947 3275 .
973 3259 980 3274 .

283 3319 470 3396 Priusquam
494 3315 556 3378 iarn
580 3313 620 3376 ad
644 3313 821 3390 graviorem
846 3312 885 3376 de
901 3311 996 3376 laone
1019 3318 1051 3375 et
1067 3309 1223 3376 Carnionc
1247 3309 1431 3376 fluminibus
1455 3315 1642 3380 accedamus
1655 3318 1882 3398 quaestionem,
1906 3337 1968 3385 nou

155 3423 280 3488 silentio
304 3417 622 3502 praetermittendum
645 3413 786 3486 videtur,
815 3415 899 3495 qnod
923 3414 1101 3478 Meinekins
1131 3413 1163 3477 iu
1187 3414 1314 3478 diatrib.
1344 3414 1384 3480 ad
1409 3417 1490 3498 hym.
1522 3419 1554 3481 in
1578 3417 1690 3484 Delum
1720 3439 1750 3502 p.
1779 3422 1853 3488 202.
1883 3423 1968 3488 hand

153 3527 262 3606 inepto
284 3524 465 3603 suspicatur
496 3521 675 3585 coniectura
705 3535 732 3580 v.
762 3519 808 3583 18.
830 3535 903 3598 pro:
936 3515 1063 3580 Λοὲδων
1085 3515 1155 3580 ἀλλ’
1178 3517 1273 3582 οὔπω
1295 3523 1420 3602 μέγας
1452 3517 1559 3603 ἔρρεεν
1591 3521 1744 3588 librorum
1779 3526 1967 3590 auctoritate

154 3629 300 3711 neglecta
333 3621 535 3690 scribendum
578 3639 663 3684 csse:
702 3617 830 3684 Λάδων
863 3620 934 3684 ἀλλ’
968 3620 1062 3685 οὔπω
1095 3619 1221 3702 μέλος
1254 3619 1372 3703 ἔρρεεν,
1407 3625 1453 3687 ita
1487 3632 1522 3688 nt
1555 3623 1670 3692 fluvius
1704 3627 1755 3692 hic
1788 3627 1967 3708 pellucidae

153 3729 338 3813 Erymanthi
361 3745 464 3809 aquae
487 3721 925 3809 (Ἑρδμονδοςλεοκδιοοος
948 3725 1117 3805 ποταμῶν)
1148 3732 1338 3804 opponatur.
1385 3724 1475 3802 Quod
1509 3735 1653 3808 quamvls
1688 3731 1730 3794 sit
1760 3731 1968 3812 probandum,

154 3921 409 3929 ——-————

275 4057 321 4114 it)
349 4051 465 4120 Στὴδεος
482 4055 511 4105 ἐκ
529 4049 652 4123 μεγιὲλοο
670 4054 762 4116 λασίης
782 4050 897 4122 &derideo
913 4057 1014 4124 χαίτης.
1034 4056 1067 4106 cf.
1087 4056 1165 4105 etiam
1185 4056 1249 4107 Lev.
1270 4056 1338 4106 Pah.
1358 4054 1386 4109 5.

172 4196 180 4210 ,
276 4141 320 4200 75)
347 4142 376 4192 of
400 4144 508 4195 Antbol.
526 4145 575 4194 Pal
603 4144 644 4195 ed.
663 4143 778 4193 Jacobs:

444 4229 476 4280 V.
507 4223 631 4296 Ἐρωτικτὲ
649 4227 705 4288 ha:
724 4228 820 4294 οὔριον
839 4223 906 4278 ἀλλὰ
924 4223 1009 4294 πάτρη
1028 4243 1063 4295 με
1082 4225 1224 4284 δεδέξεττιι.

441 4315 486 4371 v1.
504 4310 701 4384 Ἀναδημπτιιιὰ
723 4314 810 4376 toan:
829 4312 960 4384 deripuere
978 4311 1045 4365 ἀλλὰ
1064 4313 1189 4382 deprende
1207 4349 1215 4367 .
1235 4349 1242 4366 .
1262 4351 1269 4366 .
1290 4352 1298 4366 .

725 4398 814 4460 1985:
833 4403 907 4463 τοίην
927 4397 974 4451 ἀλλ
994 4399 1102 4450 laicave

443 4487 488 4540 lx.
506 4483 646 4539 Ἐπιδειντ.
665 4483 742 4540 hub:
761 4487 834 4544 ἵλαος
853 4483 921 4538 π’λλδ
941 4486 1055 4555 δέχοιτο,
1073 4483 1120 4536 παῖ
1137 4521 1146 4540 .
1164 4523 1173 4539 .
1191 4515 1200 4538 ι
1219 4521 1226 4538 .

673 4571 738 4626 335:
755 4569 855 4642 Ἐρμῆς
872 4569 930 4624 ἄλλ’
946 4573 987 4624 ἴδε
1006 4570 1035 4623 ro*
1040 4590 1056 4622 ν
1074 4567 1194 4642 κρήγυον
1214 4569 1358 4644 ὑλομόρον.

271 4657 315 4721 λδ)
343 4661 376 4714 cf.
396 4662 479 4714 Nuek.
498 4661 528 4713 Ο.
548 4659 650 4712 Hecale
669 4677 694 4726 p.
716 4659 773 4713 180.

270 4744 314 4808 ll)
342 4748 373 4799 cl'.
406 4751 485 4801 etiam
512 4747 647 4813 Aristoph.
666 4749 746 4813 Vesp.
770 4745 850 4799 tint:
878 4743 1005 4816 ἕτεραδὲ
1033 4743 1084 4798 νῦν
1106 4742 1266 4818 οἶντιμαδών
1293 4743 1307 4814 ἦ
1330 4745 1402 4815 μέγα
1424 4748 1546 4798 πείσεταί
1565 4763 1595 4800 τι.
1634 4749 1709 4800 Bion.
1734 4746 1810 4813 ldyll.
1830 4747 1889 4800 v11.
1920 4748 1965 4802 ll:

143 4828 281 4902 lantpre'
302 4829 387 4903 ἦᾶροι
404 4831 506 4892 πάντες
540 4833 579 4888 δτι
611 4835 709 4886 dracoi
737 4827 905 4902 γενόμεσθα,
928 4834 974 4884 obi
997 4833 1139 4886 dubitarim
1166 4835 1321 4886 Hermanno
1345 4837 1480 4888 assentiri:
1512 4830 1699 4904 dluddpwd'
1717 4833 1771 4903 ape
1789 4830 1887 4893 πάντες
1903 4837 1968 4886 scri·

145 4921 218 4970 benti
266 4921 295 4974 Si
313 4922 448 4989 quidhoc
466 4923 526 4974 loco
545 4921 698 4974 mutandum
716 4937 786 4979 cnm,
805 4919 959 4972 Meinelrio:
976 4917 1111 4992 luhdprrd’
1130 4915 1145 4988 ἦ
1162 4917 1238 4992 prdie
1256 4915 1355 4978 πάντες
1373 4923 1525 4977 scriberem.
1554 4923 1636 4974 Plura
1654 4924 1817 4988 requirentes
1831 4922 1968 4989 excempla

143 5007 180 5058 ad
200 5005 325 5060 Schneid.
345 5025 443 5062 revoco
461 5010 571 5062 Eneure.
592 5010 619 5060 in
638 5009 710 5076 hym.
730 5010 767 5060 in.
787 5008 854 5060 Lau.
873 5006 941 5062 Pell.
961 5023 986 5074 p.
1005 5006 1065 5063 35³.
1084 5026 1122 5076 sq.
