4498 5736
1163 375 1185 440 8

268 583 377 650 voluit.
422 581 634 651 Retinendum
657 589 763 648 tamen
791 601 862 650 esse
884 583 1053 650 librorum:
1073 577 1243 670 ,gimpa
1265 589 1298 650 et
1320 599 1358 648 ex
1382 581 1432 663 lia,
1453 597 1534 662 quos
1555 579 1766 648 Schneiderus
1791 585 1835 665 (p.
1862 577 1939 662 137)
1963 579 2079 660 attulit,

269 687 502 770 apparationis
525 692 559 752 et
579 705 619 753 ex
642 683 773 752 Hesiodi
796 685 912 767 Theop.
937 685 1015 754 82οε

499 787 614 873 Αὐτὰρ
637 788 710 854 ἐπεὶ
732 786 914 865 Τιτᾶνας’
892 811 941 852 απ
942 787 1116 872 ὀὐρανοῦ
1138 788 1302 868 ἐξέλασε
1324 788 1406 863 Ζεύς

490 888 691 959 Οπλόεατον
711 895 779 955 τέκε
801 891 907 956 παῖδα
929 892 1070 978 Tarpeiae
1092 895 1122 956 Γ
1117 903 1176 956 ato
1197 891 1336 976 πελώρη.

394 997 505 1074 Poeta,
529 1001 696 1078 postquam
719 994 804 1060 nihil
826 996 886 1062 sibi
910 996 1012 1062 rideri
1035 995 1115 1061 dixit
1143 995 1381 1062 convenientius
1409 993 1493 1060 Iovis
1521 941 1683 1073 sacriticio,
1717 1011 1813 1076 quom
1846 991 1940 1058 deum
1976 995 2081 1074 ipsum

255 1119 288 1166 ‘a
267 1119 344 1166 ase
368 1098 522 1166 calabram
535 1101 600 1181 (vr
617 1097 734 1176 -3.,)
758 1096 891 1170 duobus,
915 1101 970 1182 qui
993 1102 1056 1164 iarn
1075 1106 1260 1180 sequuntur,
1283 1095 1619 1180 versrbustd-blrn
1640 1095 1789 1163 dubiosa
1806 1113 1878 1162 csse
1895 1095 1950 1175 ait,
1973 1103 2080 1164 utrum

265 1203 374 1270 Iovem
402 1207 510 1282 canat,
541 1203 707 1269 Dictaeum
736 1218 777 1266 an
800 1199 969 1285 Lycaeum.
1016 1202 1119 1280 Quam
1153 1208 1266 1284 poetae
1299 1201 1491 1268 sententiam
1526 1198 1739 1267 Schneiderus
1772 1199 1856 1266 haud
1892 1199 2080 1283 intellegens

264 1305 503 1386 Callimachum,
527 1306 581 1390 qui
603 1302 762 1388 prioribus
785 1303 939 1384 versibus,
962 1305 1083 1372 seiam
1106 1325 1202 1387 saepe
1223 1305 1332 1372 Iovem
1355 1303 1549 1384 celebrasse,
1584 1304 1646 1386 ipsi
1674 1303 1806 1368 innuere
1833 1300 1967 1384 videtur,
1996 1324 2025 1371 v.
2048 1306 2080 1372 1.

267 1410 301 1476 in
324 1409 407 1476 hunc
429 1427 558 1476 sensum
578 1409 656 1475 iacit
678 1414 900 1490 quaerentem:
922 1409 1089 1490 ,quomodo
1112 1410 1229 1476 etiarn
1252 1427 1351 1475 nnnc
1374 1406 1540 1474 celebrabo
1563 1406 1681 1488 Iovem,
1709 1425 1806 1489 saepe
1827 1405 1918 1472 illum
1940 1409 2081 1485 celebra,-

264 1514 366 1580 tum?’
388 1513 490 1592 Quam
513 1519 633 1589 tamen,
656 1530 738 1595 quae
760 1511 792 1576 in
816 1509 869 1586 iis,
892 1530 974 1593 quae
997 1511 1087 1578 libris
1110 1511 1295 1578 traduntur:
1317 1515 1398 1601 ςπῶς
1419 1515 1474 1576 καί
1494 1508 1553 1576 oro'
1575 1510 1680 1577 verbis
1701 1529 1763 1576 non
1779 1511 1871 1590 inest
1888 1514 2080 1580 sententiam

263 1624 302 1683 ut
323 1615 452 1693 efficiat,
479 1620 559 1704 ιπῶς
580 1621 635 1680 καὶ
656 1611 722 1678 νῦν’
745 1613 815 1679 vult
837 1615 912 1696 legi,
936 1633 1029 1681 nam:
1052 1623 1190 1698 ,praeter
1211 1616 1426 1698 pronominis,
1448 1615 1564 1698 inquit,
1587 1615 1740 1696 ,formam
1763 1614 1804 1681 ab
1819 1614 1900 1696 epici
1925 1616 2079 1683 sermonis

263 1718 496 1788 consuetudine
519 1720 751 1796 abhorrentem,
776 1715 905 1783 offendit
928 1721 1024 1784 etiarn
1048 1737 1124 1786 usus
1146 1721 1322 1801 particulae
1344 1724 1408 1802 aot,
1432 1738 1515 1802 quae
1538 1737 1601 1784 non
1623 1718 1721 1785 babet
1743 1737 1806 1801 qno
1828 1717 1995 1787 referatur.
2016 1720 2080 1786 Ne-

265 1843 327 1908 que
350 1824 433 1890 enim
455 1829 510 1888 καί
535 1842 607 1890 cum
629 1821 814 1904 pronomine
836 1821 951 1887 sociari
973 1831 1089 1903 potest,
1112 1841 1183 1890 cum
1207 1824 1291 1890 alius
1314 1824 1395 1905 quis,
1419 1841 1513 1906 quern
1537 1828 1666 1904 praeter
1687 1821 1796 1888 Iovem
1824 1829 1920 1902 poeta
1942 1823 2081 1890 celebra·

264 1927 356 2008 verit,
379 1927 511 2009 cogitari
534 1928 566 1993 in
589 1927 683 2009 primi
707 1925 802 1990 buius
825 1924 933 2007 hymni
957 1926 1047 1992 initio
1070 1933 1218 2009 nequeat.
1242 1929 1290 1993 siu
1313 1946 1389 1993 vero
1417 1931 1472 1990 καί
1499 1947 1538 1992 ea
1568 1926 1691 1992 ratione
1725 1925 1865 2007 positum
1888 1935 1992 2008 putas,
2015 1947 2080 2009 qna

265 2049 363 2114 saepe
386 2034 514 2112 ponitur
540 2037 614 2112 post
638 2046 741 2104 voces,
765 2045 847 2110 quae
875 2029 1101 2111 interrogando
1123 2032 1309 2112 inserviunt,
1343 2032 1445 2096 oratio
1475 2049 1582 2098 secum
1604 2030 1675 2110 ipsa
1697 2047 1759 2095 non
1782 2031 1951 2095 constabit.
1998 2031 2079 2097 Nam

265 2135 320 2218 qui
343 2133 467 2217 quaerit
489 2137 562 2210 πῶς
583 2137 636 2196 καὶ
658 2129 819 2214 detonare,
842 2130 870 2195 is
893 2150 968 2196 num
992 2135 1119 2200 omnino
1142 2135 1320 2200 cauendum
1342 2134 1393 2214 sit,
1416 2135 1563 2202 dubitare
1585 2152 1620 2198 se
1643 2132 1828 2211 indicamur
1864 2136 1915 2214 At,
1938 2140 1974 2199 ut
1989 2153 2080 2216 prae·

264 2241 490 2315 terminamus,
515 2239 601 2303 nullo
623 2237 714 2300 modo
738 2235 811 2300 elici
833 2252 936 2315 posse,
961 2253 1057 2317 qnam
1084 2236 1296 2304 Schneiderus
1325 2237 1404 2316 vult
1436 2256 1454 2304 e
1477 2237 1661 2304 Callimachi
1685 2237 1790 2302 verbis
1814 2238 2014 2316 sententiam,
2037 2273 2080 2288 -·

263 2362 328 2426 qua
349 2347 453 2424 poeta,
476 2361 511 2407 se
533 2342 598 2406 iam
620 2358 717 2420 saepe
739 2339 852 2405 Iovem
875 2340 1064 2420 celebrasse,
1087 2341 1115 2406 ei
1138 2341 1273 2406 innuere
1296 2341 1422 2406 videtur
1446 2377 1486 2388 —-
1511 2345 1629 2424 qnippe
1652 2360 1734 2422 quae
1756 2339 1883 2405 omniuo
1907 2360 1969 2406 nou
1993 2341 2080 2420 insit,

264 2466 368 2530 neque
391 2447 517 2527 opponi,
540 2464 602 2526 qno
625 2449 722 2524 poeta
746 2443 841 2522 canit,
865 2447 990 2525 tempus
1012 2446 1222 2523 antecedenti,
1251 2464 1291 2511 ne
1314 2445 1464 2526 loquendi
1487 2446 1615 2528 quidem
1630 2443 1753 2509 ratione
1769 2442 1980 2524 prohibemur,
2003 2464 2079 2527 quo·

264 2551 369 2616 minus
392 2550 545 2615 librorum
568 2549 764 2613 retineamus
786 2545 967 2612 lectionem.
1013 2546 1102 2624 Quod
1125 2548 1209 2613 enim
1232 2547 1272 2613 ad
1295 2545 1366 2633 ‘vlo’
1388 2550 1586 2631 pronominis
1609 2549 1726 2614 attinet
1747 2545 1890 2627 formam,
1924 2548 1964 2612 ab
1998 2549 2080 2629 epici

265 2673 343 2720 sanc
366 2653 531 2732 sermonis,
570 2659 605 2716 ut
627 2657 714 2716 recte
738 2648 948 2716 Schneiderus
973 2651 1208 2731 animadvertit,
1231 2654 1461 2719 consuetudine
1488 2651 1721 2730 abhorrentem,
1750 2650 1809 2716 boc
1831 2669 1902 2716 cum
1919 2651 2079 2718 Meinekio

157 2797 160 2806 ·
266 2764 316 2823 est
339 2755 593 2833 mouendum⁸⁵),
617 2751 856 2832 Callimachum,
880 2761 916 2818 ut
936 2755 1071 2820 orationi
1087 2754 1245 2835 poeticum
1262 2755 1401 2821 colorem
1418 2755 1611 2834 conciliaret,
1634 2773 1696 2819 non
1712 2754 1804 2819 auxie
1822 2755 1937 2836 ubique
1954 2755 2080 2824 dialecti

266 2861 477 2928 constantiam
488 2877 646 2937 servasse,
670 2857 738 2937 sed,
761 2862 797 2920 ut
819 2855 880 2936 ipsi
903 2858 1100 2924 commodum
1124 2859 1295 2937 videretur,
1319 2859 1415 2923 etiam
1439 2860 1562 2939 epicum
1585 2877 1763 2924 sermonem
1787 2859 1961 2924 rarioribus
1985 2871 2017 2924 et
2039 2863 2078 2927 ab

264 2967 367 3032 ionica
395 2965 538 3028 oratione
570 2961 685 3026 alicnis
714 2959 825 3024 formis
859 2965 1022 3040 tamquam
1052 2962 1222 3045 gemmulis
1256 2962 1450 3028 distinxisse.
1496 2962 1566 3027 Non
1590 2961 1755 3042 probanda
1776 2961 1874 3040 igitur
1896 2961 2081 3029 Schneideri

264 3069 423 3136 sententia
438 3063 716 3142 contendentis³⁸),
740 3059 968 3128 Callimachum
991 3065 1021 3131 h.
1045 3066 1077 3129 in
1091 3064 1184 3130 Dian.
1201 3067 1272 3132 125.
1285 3073 1318 3131 et
1331 3066 1405 3146 213,
1427 3066 1521 3148 irgm.
1544 3065 1611 3132 183.
1635 3061 1709 3152 pb?
1733 3063 1801 3130 sola
1823 3066 1917 3131 metri
1940 3069 2078 3133 necessi-

264 3180 331 3238 tate
354 3177 497 3238 coactum
520 3167 698 3247 scripsisse,
722 3161 785 3250 ιτίν’
808 3173 915 3232 autem
938 3167 1134 3248 pronominis
1156 3168 1266 3248 forma,
1291 3189 1372 3252 quae
1396 3169 1426 3237 h.
1449 3171 1481 3236 in
1506 3170 1597 3236 Dian.
1618 3168 1672 3242 90,
1696 3167 1907 3250 epigr.35.et
1923 3170 1975 3236 36.
1999 3172 2078 3252 legi-

265 3286 326 3354 tur,
350 3275 390 3341 ob
412 3291 482 3338 eam
505 3287 633 3337 causant
666 3286 758 3334 usum
786 3287 866 3350 esse,
899 3273 984 3353 quod
1018 3271 1101 3353 apud
1136 3271 1311 3338 Homerum
1345 3273 1479 3355 legisset
1510 3277 1587 3339 τεῒν.
1633 3272 1735 3349 Quina
1758 3273 1843 3354 quod
1867 3273 1964 3338 etiarn
1988 3275 2079 3354 lrgm.

263 3381 336 3446 220.
349 3386 382 3442 et
392 3375 465 3442 420.
488 3374 639 3454 scripturn
664 3391 734 3438 esse
758 3372 1007 3462 1εεάἰωεινίι12
1030 3376 1081 3441 cui
1104 3381 1210 3440 tamen
1233 3377 1302 3442 voci
1324 3383 1459 3460 utroque
1481 3378 1549 3444 loco
1563 3376 1776 3443 Schneiderus
1799 3376 1884 3441 male
1908 3377 2076 3445 substituit

264 3479 339 3569 ‘plo‘
362 3479 506 3545 formam.
550 3477 662 3558 Neque
686 3495 759 3542 vero
788 3477 821 3541 in
843 3481 897 3539 καί
925 3478 1101 3558 particulae
1123 3499 1184 3544 usu
1206 3480 1265 3547 hoc
1297 3482 1366 3547 loco
1402 3481 1614 3548 Schneiderus
1647 3478 1806 3546 offendere
1840 3480 1958 3547 debuit.
2003 3483 2081 3548 Cum

264 3585 450 3670 pronomine
485 3579 756 3664 quidemsociari
792 3598 853 3644 non
890 3585 1007 3661 potest.
1052 3580 1141 3658 Quod
1165 3589 1271 3650 tamen
1295 3584 1335 3650 de
1358 3587 1517 3666 particula
1538 3585 1608 3661 bac,
1631 3603 1714 3666 quae
1736 3589 1809 3666 post
1832 3603 1922 3649 voces
1946 3585 2083 3652 interro-

265 3689 368 3772 gando
391 3685 598 3751 inservientes
621 3684 759 3766 ponitur,
783 3702 822 3748 ex
845 3682 1071 3765 He'rmanui³⁷)
1095 3683 1308 3751 Schneiderns
1335 3688 1516 3769 disputavit
1538 3689 1706 3765 sententia,
1736 3687 1769 3752 id
1792 3705 1826 3751 re
1850 3706 1910 3751 non
1933 3687 1974 3753 ab
1997 3690 2081 3754 omni

265 3797 358 3874 parte
379 3789 555 3870 ponderata
578 3787 700 3854 dictum
725 3805 829 3868 neque
851 3787 883 3851 in
908 3785 988 3852 alios
1012 3788 1130 3853 multos
1154 3808 1257 3871 neque
1279 3791 1312 3854 in
1336 3811 1418 3870 enm,
1442 3793 1551 3874 quiin
1576 3791 1720 3872 Aeschyl.
1737 3796 1847 3872 agam.
1872 3791 1964 3869 inest,
1996 3793 2082 3858 cadit

264 3897 380 3962 locum.
413 3893 512 3957 Recte
546 3893 640 3974 cuim,
673 3893 756 3973 quod
787 3892 872 3971 apud
903 3892 1092 3973 Aeschylum
1121 3895 1247 3974 (rigam.
1272 3892 1346 3959 209.
1360 3894 1409 3959 ed.
1424 3894 1634 3966 Blomfield.):
1668 3896 1768 3958 nolon
1802 3895 1924 3974 χρόνον
1959 3895 1994 3960 δὲ
2028 3905 2082 3960 καὶ

265 3996 478 4082 πεπόρθηται
499 3994 601 4074 πόλις
630 3996 756 4076 legitur,
782 3993 987 4061 Blomficldus
1010 3996 1198 4062 vertendum
1221 4015 1293 4062 esse
1315 4010 1437 4064 censet:
1470 3999 1537 4080 ,sed
1571 3998 1621 4063 dic
1655 4005 1888 4079 praeterea,
1924 4007 2079 4081 quantum

385 4256 432 4310 341
458 4255 492 4306 ci.
512 4254 606 4306 Philol.
626 4256 672 4307 VI.
691 4273 715 4321 p.
734 4249 793 4308 510,

386 4341 432 4408 35)
460 4343 494 4393 ci.
513 4341 629 4393 hlainelr.
648 4343 753 4395 diatrib.
771 4359 797 4407 p.
815 4340 874 4394 ⁸201.
894 4359 932 4408 sq.

386 4429 432 4494 ab)
459 4431 493 4481 oi.
513 4429 627 4480 Schnoid
657 4445 758 4483 arcura.
778 4447 804 4495 p.
825 4425 881 4480 137.
900 4445 940 4496 aq.

386 4515 434 4576 ³7)
460 4515 491 4566 cf.
512 4515 657 4570 Hermann.
676 4517 710 4567 ad
721 4515 811 4584 Vigor.
824 4533 849 4581 p.
862 4515 922 4570 843.
935 4533 983 4582 sq.,
1002 4499 1080 4582 quem
1092 4517 1170 4566 otiam
1186 4514 1341 4569 Stallbaum.
1352 4515 1387 4568 ad
1396 4517 1499 4568 Platon.
1509 4515 1663 4582 Entbyphr.
1678 4515 1713 4567 11.
1735 4514 1792 4569 loo.
1806 4522 1929 4568 secutus:
1948 4515 2078 4580 ,Etenim‘‚

269 4607 363 4672 inquit,
384 4603 492 4666 ,indicat
509 4602 558 4654 illa
575 4607 623 4658 tac.
642 4603 690 4654 aui
707 4602 851 4668 particulal
875 4603 1065 4654 dubitationem
1087 4601 1219 4666 quandam
1244 4601 1277 4653 do
1299 4617 1331 4653 aa
1353 4619 1390 4665 re,
1413 4602 1446 4654 de
1470 4618 1521 4670 qna
1544 4602 1650 4664 dicitur,
1673 4608 1703 4652 nt
1724 4601 1757 4653 in'
1775 4601 1889 4654 formula
1910 4603 1936 4652 τι·
1955 4597 2010 4670 χρὴ
2034 4600 2080 4652 καὶ

267 4692 368 4760 liram
387 4707 442 4742 was
461 4688 511 4741 soll
528 4705 589 4740 man
608 4687 677 4740 auch
694 4692 871 4756 seponique
888 4689 1054 4756 significatur
1071 4703 1125 4738 non
1143 4687 1229 4739 solum
1247 4689 1336 4755 quid,
1354 4688 1403 4741 aed
1420 4691 1500 4740 etiam
1520 4706 1560 4740 an
1578 4689 1707 4756 aliquid
1728 4689 1868 4740 dicandum
1888 4690 1931 4748 sit.
1954 4688 2083 4742 dubitari:

267 4778 345 4846 qnid
367 4775 541 4829 dicendum
564 4783 624 4839 est,
651 4777 678 4826 ri
702 4777 835 4826 omniuo
858 4775 988 4842 aliquid
1011 4774 1183 4826 dicendum
1204 4779 1267 4836 est,
1291 4776 1375 4842 quod
1398 4777 1506 4842 ipsum
1529 4773 1702 4830 incertum.
1742 4775 1787 4827 Sic
1813 4777 1859 4841 qni
1879 4775 2041 4841 interrogat:
2058 4776 2083 4825 ri

263 4862 318 4936 χρὴ
335 4861 503 4933 προσδοκᾶν,
520 4864 543 4914 is
562 4869 698 4929 exspectat
715 4862 825 4930 aliquid,
847 4863 895 4914 sod
913 4863 1010 4914 dubius
1032 4861 1132 4926 haeret,
1156 4861 1220 4927 quid
1242 4863 1277 4913 sit
1298 4861 1369 4928 quod
1392 4869 1547 4914 eventurum
1569 4864 1613 4914 sit.
1651 4862 1703 4924 Qut
1721 4868 1812 4914 numm
1830 4862 1904 4927 dicit,
1922 4862 1947 4911 ri
1962 4857 2017 4934 χρὴ
2034 4861 2081 4914 καὶ

267 4949 425 5024 προσδοκᾶν
443 4954 464 5003 ia
483 4950 607 5018 desporat
623 4951 731 5002 omnino
750 4950 849 5016 aliquid
867 4967 927 5002 asse
943 4947 1117 5001 eventurnm‘.
