4498 5736
1194 311 1237 408 no

306 551 401 632 vulgo
424 549 603 629 dicebatur,
634 547 792 625 videmus,
815 546 871 611 sed
901 551 1008 621 σιίαν,
1041 565 1174 630 eamque
1197 550 1282 615 vocis
1305 549 1399 616 huius
1427 550 1616 632 scripturam
1646 549 1904 630 gravissimarum
1928 551 2106 633 scriptorum

307 653 465 720 firmatam
488 669 558 718 esse
581 651 780 718 anctoritate.
826 652 871 715 Ae
901 652 1048 732 primurn·
1068 653 1194 733 quidem
1229 671 1353 718 summo
1387 654 1528 720 codicum
1553 653 1703 718 omnium
1732 670 1888 720 consensu
1919 655 1950 720 in
1975 653 2108 736 Apollon.

306 754 407 822 Rhod.
429 759 547 838 Argon.
570 752 1036 833 11.·rrrc.>-1egunr:ouunn
1070 754 1160 832 Quod
1183 758 1403 838 magunciam
1416 755 1776 822 ¹i'rrmuturfscholiustae
1792 757 1906 838 verbis
1932 757 1986 839 qni
2009 757 2107 824 habet:

307 871 410 944 ισεται,
434 855 469 924 αἱ
491 861 601 944 ψῆφοι
621 855 715 944 παρὰ
734 858 918 930 Σικυωνίοις
938 857 1112 922 καλοῦνται
1128 857 1385 942 *dummoc
1396 878 1403 891 ·
1416 859 1592 924 πολύπουν
1606 883 1644 926 τε,
1658 863 1812 942 μέτωπον
1827 861 1906 941 (leg.
1923 863 2107 945 Μετώπην),

305 964 419 1030 falsam
442 963 584 1028 codicum
607 966 790 1025 nostrornm
813 975 884 1024 esse
908 959 1074 1026 lectionem
1097 969 1207 1043 operte
1230 962 1360 1029 docens·
1382 962 1469 1030 'Nec
1479 961 1614 1040 minoris
1638 962 1752 1028 deinde
1776 965 1927 1030 momenti
1952 971 2010 1041 est
2034 963 2108 1045 quod

306 1068 391 1150 apud
416 1066 605 1150 Hesychium
631 1062 762 1145 legitur:
797 1072 867 1126 σιτα
1035 1063 1129 1149 δηλοῖ
1147 1065 1184 1129 δὲ
1206 1071 1259 1130 καὶ
1282 1071 1494 1152 στενοχωρίαν
1515 1073 1569 1131 καὶ
1597 1065 1800 1132 taunacum.
1846 1067 1925 1133 Tum
1949 1065 2061 1132 Galeni
2075 1067 2110 1143 ⁹³)

305 1171 392 1238 band
414 1169 644 1252 neglegendum
667 1165 792 1231 videtur
816 1165 1041 1247 testimoninm,
1064 1169 1118 1248 qui
1142 1167 1238 1234 habet
1261 1170 1356 1236 baec:
1379 1174 1475 1236 Σείον
1497 1177 1613 1258 ψηφὶς,
1635 1171 1741 1248 λίθος.
1777 1175 1869 1236 Erine
1890 1170 1951 1254 χὰρ
1974 1167 2010 1234 αἱ
2025 1168 2109 1254 παρὰ

305 1279 342 1368 ιη
363 1273 514 1360 θαλάσση
532 1270 680 1360 ψηφῖδες
693 1287 701 1305 ·
714 1273 769 1333 καὶ
791 1268 920 1344 συῶδες
941 1268 1104 1345 ἐντεῦθεν,
1127 1269 1164 1336 od
1187 1271 1332 1358 σκληρόν.
1378 1273 1598 1356 Theognostns
1627 1275 1763 1356 denique
1786 1300 1798 1338 ι
1819 1273 1960 1340 litteram
1991 1271 2111 1368 habere¹

306 1380 346 1445 de
367 1397 431 1461 qua
453 1377 569 1459 agitur,
593 1391 709 1453 vocem,
733 1377 871 1438 testatur
892 1370 967 1436 Cau.
992 1392 1023 1456 p.
1038 1375 1108 1455 103,
1132 1374 1188 1440 28:
1218 1380 1424 1462 σεσημείωται
1445 1375 1482 1440 τὰ
1506 1377 1606 1462 φλλα,
1629 1381 1718 1452 orla,
1741 1381 1826 1463 Θρλα
1848 1375 1903 1441 οιαὶ
1925 1381 1982 1441 τοῦ
2004 1403 2015 1440 ι
2036 1399 2112 1460 ypo-

305 1486 445 1569 φόμενα.
477 1477 547 1544 Non
571 1476 779 1545 dubitandum
803 1475 900 1556 igitur
922 1476 1057 1554 videtur,
1081 1477 1168 1558 quin,
1190 1479 1245 1560 qui
1268 1477 1459 1544 πολύπονον
1481 1479 1731 1547 Callimachenm
1754 1499 1825 1547 esse
1848 1480 2057 1561 tradiderunt,
2079 1497 2114 1545 ea

304 1607 340 1654 re
363 1585 510 1652 commoti
532 1582 592 1647 hoc
619 1579 766 1654 fecerint,
795 1579 878 1660 quod
900 1604 913 1641 ι
934 1580 965 1643 in
991 1584 1062 1644 orta
1084 1588 1180 1662 atque
1210 1581 1386 1647 νιολύσιισν
1419 1583 1523 1650 verbis
1557 1585 1683 1667 longum
1713 1603 1786 1652 esse
1814 1585 1997 1667 ignorantes
2026 1583 2114 1648 metri

303 1693 408 1773 legem
431 1688 580 1759 violatam
602 1686 752 1768 putarent
765 1681 816 1754 ⁸⁸).

355 1793 362 1816 ⁸
435 1792 568 1858 Tantam
585 1791 616 1856 in
634 1790 779 1869 Arcadia,
803 1787 908 1871 pergit
920 1786 1141 1868 Callimachus
1157 1787 1255 1853 luisse
1271 1807 1373 1871 aquae
1388 1790 1537 1874 inopiam,
1561 1789 1706 1871 ntRhen,
1731 1792 1815 1856 unde
1831 1807 1946 1871 aquam
1963 1795 2110 1868 sumeret,

304 1917 368 1980 qna
390 1895 480 1978 pueri
510 1911 618 1960 recens
647 1895 714 1960 nati
743 1907 857 1974 corpus
886 1889 1047 1968 ablueret,
1081 1891 1205 1967 nescia,
1240 1897 1345 1958 terrae
1379 1894 1480 1976 ipsius
1515 1895 1700 1977 imploraret
1728 1893 1892 1960 auxilium.
1937 1892 2006 1969 Quo
2034 1892 2114 1960 iacto

303 2005 442 2067 montem
466 2017 485 2063 n
508 1999 568 2063 dea
596 1996 681 2062 elato
711 2011 895 2078 percussum
925 1993 1069 2060 bracchio
1103 2012 1249 2076 magnam
1283 2014 1386 2079 aquae
1413 1996 1563 2064 effudisse
1592 2001 1665 2066 vim.
1710 1997 1780 2076 Qua
1808 2015 1940 2080 pueram
1970 1995 2110 2062 ablutum

301 2103 474 2184 fasciisque
496 2100 670 2166 involutum
694 2099 815 2165 Rheam
838 2097 947 2163 Nedae
970 2097 1141 2163 tradidisse
1170 2097 1335 2165 ferendam
1358 2101 1390 2166 in
1413 2101 1580 2168 Oretoenm
1609 2108 1755 2184 antrum,
1788 2103 1842 2168 ubi
1876 2101 1957 2166 clam
1980 2099 2114 2167 Satnmn

304 2209 501 2283 educeretur,
523 2203 643 2283 bledae,

564 2309 766 2392 πρεσβυτάτῃ
787 2303 941 2390 νυμφέων
962 2309 1000 2366 αἵ
1018 2324 1075 2386 μιν
1096 2305 1168 2368 τότε
1189 2305 1386 2388 paldram,
1463 2333 1470 2346 ¹

562 2414 719 2496 πρωτίστη
738 2411 829 2500 γενεῇ
848 2407 930 2491 μετά
950 2430 984 2470 τε
1003 2407 1110 2486 Στύγα
1130 2431 1165 2471 σε
1187 2408 1330 2496 Φιλύρην
1350 2433 1384 2474 τε
1406 2410 1443 2478 V.
1467 2410 1518 2476 35.
1541 2429 1589 2496 sq.

303 2517 492 2601 Priusquam
516 2514 557 2581 ad
579 2512 766 2597 explicanda
789 2510 869 2578 baec
889 2517 1002 2593 poetnn
1026 2510 1123 2576 verba
1146 2513 1344 2589 accedamus
1369 2514 1540 2590 nonnullo,
1574 2534 1657 2597 qnae
1686 2516 1717 2582 in
1741 2513 2002 2581 antecedentibus
2025 2511 2114 2578 nobis

304 2627 491 2696 occurrunt,
526 2618 652 2684 silentio
686 2634 747 2681 non
782 2621 859 2680 sunt
886 2613 1182 2695 praetermittenda.
1228 2619 1273 2680 Ac
1295 2617 1432 2696 primum
1457 2618 1604 2698 quidem,
1626 2621 1710 2702 quod
1730 2618 1820 2684 libris
1843 2617 1983 2683 traditur
2004 2615 2043 2682 V.
2065 2613 2117 2682 28.
2194 2607 2204 2690 l

273 2720 359 2789 ’ὐπ’
388 2722 565 2810 ἄμηχανῑης
593 2723 730 2805 σχομένη
758 2716 935 2783 Meinekius
970 2717 1200 2783 emendandum
1228 2715 1486 2802 Callimachoquo
1520 2741 1538 2786 e
1569 2719 1701 2788 Vindob.
1731 2722 1840 2788 codice
1874 2739 1894 2784 a
1923 2718 2116 2788 Schneidero

303 2828 331 2894 G
353 2829 462 2894 littera
484 2832 603 2906 comto,
627 2821 858 2890 restituendum
888 2838 959 2886 esse
982 2827 1087 2902 putat:
1109 2816 1165 2886 ὑπ’
1193 2818 1352 2908 ἀμηχανίη
1374 2828 1522 2910 σχομένη.
1566 2825 1698 2890 Eodem
1716 2825 1808 2892 modo
1841 2825 1924 2908 hym.
1947 2825 1979 2890 in
2005 2824 2116 2890 Delum

305 2931 379 2998 210.
403 2929 562 2996 Meinekio
584 2926 768 2995 Callimachi
793 2943 870 2990 usus
894 2925 1056 3006 requirere
1079 2924 1204 2990 videtur
1226 2924 1368 2992 dativum
1391 2936 1465 3008 (pro
1488 2947 1540 3008 ea,
1570 2947 1652 3010 qnae
1678 2929 1768 2995 libris
1799 2929 1951 2995 traditur:
1986 2925 2115 3012 ἀμηχα-

303 3038 371 3120 νίης
392 3029 457 3098 ὑπὸ
480 3032 593 3119 λυγρῆς
614 3031 748 3097 lectione
771 3026 947 3115 ἄμηχανλης
969 3024 1034 3092 ὑπὸ
1058 3028 1171 3119 λυγρῇς
1192 3031 1356 3114 σειρομένη
1372 3027 1547 3108 scribenti).
1591 3030 1655 3113 ‘Sic
1676 3033 1760 3097 enim
1776 3030 1980 3112 constanter'‚
2003 3031 2117 3113 inquit,

304 3137 368 3218 ‘ille
390 3137 422 3203 in
446 3137 505 3202 boc
532 3127 658 3202 dicendi
684 3151 801 3216 genere
829 3132 1065 3216 praepositione
1086 3125 1154 3196 ὑπὸ
1176 3132 1293 3212 utitur,
1329 3140 1363 3198 ut
1389 3133 1420 3198 h.
1451 3134 1483 3199 in
1507 3135 1609 3217 Apoll.
1633 3133 1685 3215 49,
1720 3135 1752 3199 in
1776 3133 1869 3202 Dian.
1893 3135 1950 3215 21,
1982 3134 2054 3214 191,
2084 3135 2117 3198 in

306 3239 421 3306 Delum
445 3238 528 3321 202,
550 3239 610 3306 321
638 3289 646 3306 .
670 3276 678 3306 ι
701 3287 709 3303 .
733 3238 876 3303 consulto
905 3236 1066 3302 transmisi
1088 3235 1221 3301 aliorum
1256 3241 1421 3317 poetnrnm
1452 3237 1606 3319 exempla,
1632 3257 1714 3320 qnae
1743 3244 1819 3303 sunt
1850 3236 2119 3320 frequentissima,

301 3343 380 3409 illud
403 3350 528 3408 tantum
544 3343 831 3420 demonstraturus,
854 3357 1050 3422 nunqnam
1073 3340 1198 3404 aliter
1219 3339 1396 3405 locutum
1419 3357 1507 3406 esse
1531 3340 1838 3409 Callimachum)
1871 3341 1985 3406 Mirum
2010 3349 2118 3406 tamen

305 3443 346 3510 ab
369 3446 480 3512 eodem
494 3443 652 3511 Meinehio
675 3443 798 3510 laudari
823 3443 966 3510 Pohlium
981 3444 1030 3521 ⁹³),
1054 3443 1171 3525 qnippe
1194 3443 1248 3524 qui
1271 3448 1358 3507 recte
1375 3441 1594 3508 Blomfieldnm
1612 3445 1657 3525 (h.
1674 3444 1705 3510 in
1723 3443 1791 3510 Del.
1807 3445 1874 3528 25.)
1899 3463 1956 3526 pro
1973 3445 2119 3527 vulgato:

302 3545 368 3622 dno*
391 3547 486 3634 ῥιπῆς
508 3549 710 3614 scribentem:
734 3544 800 3612 ὑπὸ
822 3543 916 3638 ριπῇς
943 3545 1100 3613 refutarit.
1135 3545 1250 3612 Iisdem
1280 3547 1379 3625 enim,
1413 3547 1528 3627 quibus
1554 3546 1729 3612 Meinelrina
1757 3553 1867 3613 nostro
1897 3547 1974 3616 loco,
2010 3547 2120 3612 Blom·

303 3649 416 3716 fieldus
439 3653 531 3716 nixus
554 3653 705 3733 exemplis
729 3672 748 3716 a
770 3651 859 3716 libris
882 3650 1091 3716 recedendum
1115 3669 1186 3714 esse
1209 3651 1341 3731 putavit
1390 3648 1539 3714 Videmus
1564 3651 1671 3732 igitur,
1696 3670 1756 3718 non
1780 3663 1926 3718 constare
1949 3651 2009 3716 sibi
2034 3649 2116 3714 Mei·
2210 3649 2212 3660 “

302 3754 441 3834 meldum,
465 3757 519 3836 qui
544 3754 771 3821 Callimachum
795 3753 826 3819 in
850 3754 910 3818 hoc
933 3752 1057 3818 dicendi
1080 3771 1196 3832 genere
1218 3747 1283 3817 dud
1310 3772 1380 3818 cnm
1408 3752 1515 3818 dativo
1544 3752 1675 3836 iungere
1703 3754 1807 3820 solere
1835 3754 1967 3832 ducens,
2002 3759 2035 3817 et
2057 3753 2120 3818 hoc
2136 3827 2182 3848 a

302 3858 382 3938 loco,
407 3859 490 3942 qnod
510 3857 713 3924 Elomfieldns
736 3857 920 3938 proposuit:
943 3851 1009 3920 dnh
1030 3855 1140 3948 ριπῇς,
1163 3857 1274 3921 reiecit
1296 3863 1328 3920 et
1350 3856 1381 3921 h.
1405 3857 1435 3919 in
1462 3855 1528 3921 Del.
1555 3857 1626 3922 158.
1656 3858 1856 3924 scribendum
1881 3876 1953 3923 esse
1976 3833 2136 3923 censuit?

300 3957 357 4026 ὑπ’
379 3961 525 4048 ὀμοκλῆς.
560 3960 805 4026 Αεεεσῑὶοοᾱσιυ
828 3960 926 4043 igitur
948 3959 1149 4040 Schneidern,
1173 3961 1228 4042 qui
1244 3965 1331 4024 reete
1347 3977 1408 4023 non
1426 3965 1549 4024 tantum
1565 3960 1715 4027 Meinehii
1738 3961 1952 4028 observationi
1975 3959 2127 4026 tribuen-

303 4065 377 4130 dum
402 4084 473 4131 esse
497 4075 617 4141 censet,
642 4073 677 4129 ut
699 4063 1025 4145 muteturqnidpiam
1041 4073 1152 4129 contra
1168 4063 1275 4128 libros.
1308 4065 1454 4145 Σχέσθαι
1476 4063 1591 4129 deinde
1608 4064 1693 4130 verbi
1711 4064 1844 4131 sormam
1869 4064 1994 4130 videtur
2015 4063 2127 4128 unim-

301 4167 529 4234 ndvertendum
553 4187 613 4234 non
639 4187 730 4233 usum
752 4186 823 4232 esse
846 4168 1019 4234 Homerum
1043 4185 1098 4246 ea,
1126 4185 1189 4249 qna
1219 4174 1328 4231 nostro
1352 4167 1419 4233 loco
1442 4165 1681 4249 significatione.
1727 4170 1821 4252 Apud
1842 4171 2038 4235 recentiores
2061 4169 2129 4232 de-

303 4288 389 4336 mum
413 4272 518 4353 epicos
541 4273 669 4354 saepius
692 4271 783 4337 nobis
806 4271 942 4337 occurrit
964 4271 1100 4352 passive,
1123 4277 1160 4335 nt
1181 4271 1227 4336 ite
1250 4270 1369 4349 dicam,
1399 4278 1603 4354 usurpatum,
1630 4274 1722 4340 utin
1744 4273 1847 4354 Apoll.
1869 4271 1971 4339 Rhod.
1996 4273 2126 4352 Argon.

299 4373 359 4441 111.
371 4373 450 4440 810:
463 4374 569 4456 ἔσχετο
582 4373 611 4437 d'
623 4371 773 4458 ἀμφασίη
787 4372 885 4460 δηρὸν
897 4375 1011 4458 χρόνον
1022 4371 1207 4451 (tenebatur
1219 4381 1324 4439 autern
1338 4379 1468 4455 stupore
1479 4374 1606 4458 longum
1619 4383 1769 4460 tempus),
1787 4376 1842 4443 1v.
1854 4373 1933 4439 920:
1946 4373 1979 4439 ol
1993 4374 2023 4438 δ’
2038 4375 2126 4456 ἄχεϊ

298 4475 453 4559 σχόμενοι
474 4479 537 4554 (illi
561 4484 667 4544 autem
692 4477 801 4542 dolore
824 4479 977 4560 correpti)
1005 4485 1038 4543 at
1066 4477 1157 4558 lrgm.
1182 4495 1275 4544 anon.
1297 4475 1372 4542 235.
1396 4479 1589 4560 (Schneid):
1614 4480 1768 4561 σχόμενος
1789 4483 1865 4564 περὶ
1886 4479 1995 4562 δουρὶ,
2029 4478 2126 4560 quod

298 4578 475 4661 Hesychius
497 4580 554 4648 lv.
577 4601 607 4665 p.
634 4583 705 4648 120.
728 4582 880 4664 explicat:
903 4584 1113 4663 κατασχεθεὶς
1133 4586 1188 4647 καὶ
1209 4579 1407 4667 συλληφθεὶς
1434 4580 1500 4649 o‘rcd
1528 4585 1587 4648 τοῦ
1607 4583 1758 4667 δόρατος.
1803 4580 1894 4660 Quod
1918 4582 2057 4663 denique
2086 4581 2127 4646 in

423 4753 469 4820 93)
495 4757 528 4810 οἱ
549 4757 645 4810 Galeni
664 4755 815 4822 explanatio
833 4771 927 4810 vocum
945 4755 1117 4822 Hippocratis
1136 4753 1231 4822 poss.
1250 4755 1294 4822 (ed
1323 4756 1424 4820 steph.)

423 4843 470 4903 ult
497 4845 529 4898 cf.
549 4845 658 4897 Peneon.
676 4861 697 4896 a.
715 4859 742 4898 r.

423 4927 470 4996 95)
497 4931 531 4984 cf.
553 4932 585 4985 G.
604 4930 679 4982 Pohl.
708 4929 799 4982 collat.
817 4929 878 4984 eod.
895 4930 956 4982 Par.
975 4947 1001 4996 p.
1021 4927 1062 4981 ld.
