4498 5736
1137 422 1175 486 10

246 633 412 712 moreslh,
435 631 487 713 qui
512 647 657 710 magnam
682 628 797 694 Cretae
820 630 941 695 insrrlae
964 639 1159 713 occuparunt
1181 641 1313 710 partein,
1338 628 1383 691 ita
1405 624 1649 708 praevaluerint,
1673 633 1708 691 ut
1729 627 1761 692 in
1788 601 2061 708 omnlnm'postea

248 736 447 800 Cretensium
464 749 583 810 sucum,
609 741 643 797 ut
664 732 708 796 ita
727 733 838 810 dicam,
863 735 987 798 abirent
1011 744 1044 798 ot
1061 734 1257 814 sangninem,
1274 731 1438 794 diiudicari
1463 747 1523 794 non
1548 735 1664 809 potest.
1677 729 1851 810 Superesse
1875 750 1929 796 eos
1955 737 2062 796 tamen

246 837 379 919 peracta
402 853 509 900 omnes
532 833 731 914 antiquitatis
755 836 949 916 populos⁴⁸l,
974 836 1065 902 lacile
1088 855 1125 901 ex
1151 837 1189 898 iis
1212 833 1350 912 calligas,
1376 851 1458 914 quae
1481 833 1521 896 de
1544 832 1684 914 ipsorum
1701 831 1840 898 moribus
1864 835 2060 900 aveteribus

249 938 454 1022 scriptoribus
478 938 710 1016 traduntur⁴⁵).
745 938 793 1002 De
816 941 916 1020 ipsius
940 940 1107 1022 proverbii,
1132 955 1193 1020 quo
1216 937 1429 1002 Callimachus
1453 935 1520 1000 laco
1554 942 1662 1000 nostro
1697 953 1773 1000 usus
1807 945 1866 1015 est,
1901 939 1983 1019 qnod
2017 937 2058 1001 ab

249 1043 433 1125 Epimenide
457 1035 615 1124 sumptum
641 1060 710 1107 esse
734 1042 881 1120 traditur,
905 1045 1023 1125 origine
1048 1043 1101 1106 alii
1123 1043 1186 1106 alia
1208 1039 1431 1122 proterunt⁴⁶).
1479 1041 1503 1102 A
1529 1036 1756 1118 Scholiasta⁴⁷p
1792 1040 1962 1106 Idomeneo
1985 1041 2060 1106 Cre·

247 1147 329 1212 tensi
375 1146 545 1224 tribuitur,
595 1146 648 1227 qui
692 1145 831 1226 praedae
873 1166 892 1210 ο
927 1147 1070 1212 Troianis
1114 1145 1236 1223 iactae,
1283 1159 1376 1223 quarn
1423 1141 1554 1208 Graecis
1589 1149 1756 1226 acceperat
1795 1144 2057 1220 distribuendam,

246 1249 396 1314 maiorem
424 1249 540 1312 avertit
568 1255 701 1330 partem.
748 1245 818 1312 Alia
840 1249 880 1314 ‹le
903 1268 999 1315 causa
1021 1251 1115 1315 huius
1139 1248 1214 1312 dicti
1236 1247 1391 1326 originem
1416 1245 1517 1310 eidem
1534 1241 1706 1310 Idomeneo
1729 1245 1841 1312 tribuit
1857 1247 2058 1312 Ptolomaeus

245 1339 440 1432 Hephaestio
469 1353 499 1416 ia
526 1352 628 1417 Pharii
658 1350 847 1417 bibliotheca
872 1371 899 1432 p.
925 1353 1059 1430 483.“),
1094 1353 1148 1433 qui
1181 1346 1431 1437 ζΛθηννίδιοροξ.
1467 1350 1580 1429 inquit,
1614 1345 1641 1434 μί
1672 1347 1845 1433 Ἐρετριεύς
1878 1351 1913 1417 ἓν
1948 1349 2055 1434 ὀγδόῳ

244 1451 486 1538 ὑπομνημάτων
514 1461 593 1540 φησι
627 1457 722 1518 Θέτιν
754 1459 808 1517 καὶ
835 1453 986 1538 Μήδειαν
1015 1456 1117 1540 ἐρίσαι
1151 1460 1225 1537 περὶ
1257 1452 1396 1530 κάλλους
1425 1451 1460 1518 ἐν
1489 1451 1663 1533 Θεσσαλίᾳ,
1690 1459 1742 1516 καί
1770 1455 1878 1540 κριτὴν
1903 1457 2056 1534 γενέσθαι

242 1557 417 1642 Ἰδομενέα,
440 1563 494 1620 καὶ
517 1569 710 1641 προσνεῖμαι
732 1557 839 1622 &larda
861 1557 917 1643 τὴν
940 1563 1035 1644 νίκην.
1082 1557 1233 1644 Μήδειαν
1259 1556 1296 1621 δὲ
1319 1555 1527 1641 ὀργισθεῖσαν
1550 1557 1662 1632 εἰπεῖν,
1695 1559 1813 1641 Κρῆτες
1836 1555 1888 1622 olel
1909 1559 2057 1644 ψεῦσται·

243 1667 296 1724 καὶ
327 1660 560 1742 ἐπαράσασθαι
589 1658 675 1742 αὐτῷ
701 1659 863 1746 μήδέποεε
890 1661 1052 1748 elaeatae
1073 1665 1184 1740 εἰπεῖν,
1207 1661 1314 1744 ὥσπερ
1338 1660 1393 1723 ἐπὶ
1413 1662 1468 1744 τῆς
1489 1661 1619 1743 κρίσεως
1641 1656 1782 1744 ἐποίησε·
1805 1667 1858 1724 καὶ
1880 1660 1916 1725 ἐκ
1937 1657 2054 1725 τούτου

245 1767 322 1848 φησὶ
344 1761 418 1840 τοὺς
440 1765 568 1848 Κρῆτας
591 1765 734 1850 ψεύστας
755 1765 968 1852 copenhaven?
1014 1767 1073 1844 Qui
1097 1785 1172 1831 vero
1195 1765 1238 1828 sit
1260 1764 1388 1842 factum,
1419 1771 1455 1827 ut
1484 1762 1652 1828 Cretenses
1675 1761 1781 1828 Iovem
1816 1765 1900 1845 apud
1934 1784 1969 1830 se
2003 1783 2053 1830 se-

243 1868 367 1948 pultum
391 1881 461 1930 esse
483 1865 658 1944 crederent,
681 1867 859 1934 Scholiasta
882 1872 971 1936 nobis
996 1872 1102 1944 tradit,
1126 1871 1251 1943 docens,
1275 1869 1360 1948 quod
1385 1863 1510 1945 Minois,
1535 1865 1619 1931 lovis
1642 1865 1708 1943 filii,
1732 1869 1911 1948 sepulcrum
1935 1869 2057 1944 luisset,

244 1969 275 2034 id
301 1977 413 2052 postea
436 1968 580 2035 habitum
609 1989 680 2036 esse
706 1971 806 2052 ipsius
829 1971 922 2039 loris.
969 1973 1104 2052 Etenim,
1140 1973 1223 2055 quod
1248 1973 1278 2036 in
1311 1975 1514 2036 monumento
1542 1968 1664 2048 inisset,
1694 1971 1806 2052 elogii:
1827 1975 1976 2058 tMirarer
1996 1973 2053 2037 rori

245 2071 321 2148 Διὸς
342 2070 454 2158 adpo?
477 2072 587 2137 verba:
627 2076 777 2158 ιΜίνωος
797 2074 868 2140 rori’
890 2087 1069 2159 temporum
1094 2081 1253 2142 vetustate
1275 2073 1444 2140 obliterata
1467 2074 1643 2152 evanuisse,
1674 2080 1712 2138 ut
1740 2075 1806 2140 sola
1833 2075 1918 2162 ιΔιὸς
1944 2075 2055 2162 είφος’

242 2175 496 2258 relinquerentur
529 2176 634 2241 verba.
681 2177 822 2244 Alteram
848 2199 920 2246 vero
949 2201 1088 2256 calisam,
1124 2199 1179 2245 cnr
1209 2178 1378 2244 Cretenses
1401 2178 1486 2242 lovis
1520 2167 1733 2259 gloriarentur
1766 2181 1922 2261 sepulcro,
1957 2179 2055 2245 inisse

242 2281 338 2346 hanc:
373 2277 578 2360 Corybantes,
616 2285 650 2344 ut
673 2277 780 2346 lovem
805 2283 970 2363 puerulum
995 2305 1014 2350 a
1035 2284 1164 2349 Saturni
1187 2283 1289 2366 patris
1312 2279 1520 2346 defenderent
1543 2281 1677 2361 insidiis,
1712 2282 1857 2363 sepulcro
1891 2289 2054 2348 exstructo

131 2442 138 2468 ,
243 2391 365 2465 patrem
390 2381 551 2458 fefellisse,
575 2385 744 2464 puerulum
769 2391 925 2452 mortuum
952 2387 992 2452 ibi
1017 2387 1178 2455 conditum
1204 2405 1274 2450 csse
1298 2385 1545 2460 simulanteslh.

367 2486 440 2551 Jam
464 2505 492 2554 v.
520 2487 568 2552 10.
614 2486 828 2556 Callimachus
852 2491 1027 2558 Arcadibus
1050 2490 1144 2556 fidem
1168 2490 1343 2569 adiungens
1372 2487 1478 2554 Iovem
1508 2487 1584 2553 dicit
1613 2490 1646 2554 iu
1670 2487 1807 2554 Arcadia
1836 2495 1946 2554 natum
1971 2509 2054 2555 esse.

242 2591 347 2672 Atque
375 2589 414 2654 de
442 2588 500 2652 hoc
530 2590 658 2670 quidem
686 2591 824 2657 dubitari
854 2595 971 2674 nequit.
1016 2574 1186 2671 Quaeritur·
1218 2600 1342 2670 tamen,
1376 2597 1482 2656 utrum
1517 2592 1626 2657 urbem
1663 2611 1702 2656 an
1738 2601 1856 2657 terram
1892 2594 2052 2675 quandam

242 2693 453 2769 Parrhasiam,
485 2709 566 2772 quae
595 2711 669 2774 pars
692 2694 788 2760 fuerit
810 2698 972 2776 Arcadiae,
998 2715 1037 2762 an
1062 2698 1158 2761 etiam
1181 2703 1281 2759 totam
1306 2696 1474 2760 Arcadiam
1510 2695 1650 2776 intellegi
1685 2701 1780 2776 poeta
1814 2696 1957 2762 volucrit.
2004 2696 2052 2761 De

237 2796 413 2862 Parrhasia
435 2794 512 2861 urbe
535 2799 703 2877 quominus
726 2799 785 2864 hoc
808 2799 875 2863 loco
899 2799 1082 2880 cogitemus,
1117 2800 1191 2877 illis,
1226 2817 1308 2880 quae
1331 2800 1440 2863 statim
1475 2805 1661 2880 sequuntur,
1696 2798 1900 2879 prohibemur
1934 2798 2053 2864 verbis:

240 2897 301 2986 ,ἧχι
321 2898 460 2984 μάλιστα
482 2897 570 2963 ἔσκεν
597 2901 673 2984 ὄρος
698 2905 857 2986 θάμνοισι
886 2903 1094 2985 περισκεπέςῖ
1142 2901 1245 2968 Facile
1281 2904 1379 2983 igitur
1413 2911 1546 2980 terram,
1581 2903 1613 2966 in
1647 2920 1711 2983 qua
1743 2901 1830 2967 Rhea
1860 2903 1917 2966 dea
1942 2903 2047 2967 Iovem

127 2979 159 3066 ι’
241 3005 409 3086 pepererit,
435 3003 676 3084 intellegendam
701 3025 772 3072 esse
794 3006 996 3072 Parrhasiam
1020 3008 1230 3073 contenderis.
1278 3005 1357 3070 Cum
1380 3011 1486 3070 tamen
1512 3005 1700 3070 Parrhasiae
1724 3011 1828 3068 terrae
1857 3006 1888 3069 in
1917 3006 2052 3070 Arcadia

128 3103 134 3121 '
241 3109 322 3173 sitae
345 3127 364 3172 a
387 3105 547 3171 veteribus
571 3109 688 3173 mentio
711 3129 772 3175 nnn
796 3109 861 3190 fiat,
887 3111 940 3176 alii
969 3113 1062 3176 aliter
1085 3112 1252 3178 coniciunt.
1298 3111 1343 3173 Ac
1365 3108 1543 3172 Meinchius
1573 3107 1724 3189 quidem,
1759 3126 1829 3172 sese
1864 3127 1901 3172 ex
1929 3108 2051 3190 Origin.

130 3235 133 3243 ¹
241 3231 266 3277 ο.
291 3209 374 3276 Cels.
399 3208 454 3274 111.
479 3228 508 3290 p.
536 3209 610 3276 132:
644 3209 690 3298 ιίν
719 3212 756 3278 δέ
782 3232 817 3278 σε
839 3214 1047 3297 Παρρασίοιξ
1069 3217 1262 3296 scripturum
1297 3212 1395 3278 inisse
1430 3213 1516 3292 dicit,
1551 3213 1612 3276 nisi
1636 3209 1848 3292 Originemttr
1871 3214 2053 3278 memoriter

130 3335 133 3344 ¹
241 3311 427 3379 Callimachi
460 3329 587 3377 versum
623 3317 723 3380 citare
757 3318 975 3385 intellexisset.
1030 3319 1119 3396 Quod
1156 3325 1260 3383 tamon
1296 3317 1370 3382 olim
1404 3317 1435 3381 in
1472 3316 1613 3382 Analeet.
1649 3314 1821 3380 Alexandr.
1856 3334 1886 3395 p.
1913 3315 1985 3381 160.
2020 3318 2051 3380 in

239 3421 410 3504 Παρναοίῃ
433 3415 531 3497 (quod
554 3419 646 3484 multi
671 3420 790 3486 habent
818 3421 903 3499 libri)
933 3423 1032 3488 lutere
1061 3423 1240 3488 coniecerat
1270 3421 1394 3487 doctam
1423 3421 1558 3486 nominis
1590 3419 1723 3484 formam
1758 3421 1989 3506 antiactp⁵¹),
2021 3419 2052 3484 id

241 3527 352 3604 postea
381 3521 449 3600 ipse
478 3520 598 3598 reiecit,
629 3523 782 3589 librorum
814 3543 944 3590 servans
973 3527 1137 3592 lectionem
1157 3522 1348 3611 'Happacip'
1372 3523 1596 3602 exhibentium,
1630 3524 1712 3604 quod
1749 3524 1788 3588 de
1813 3523 2051 3588 Parrlrasiorum

140 3623 145 3634 '
242 3623 487 3705 intellegendum
511 3623 602 3688 docet
625 3625 755 3691 dicione.
798 3627 907 3710 Neque
930 3629 1142 3693 Schneiderus
1165 3629 1273 3706 libros,
1296 3629 1349 3708 qni
1374 3630 1545 3713 Παρρασίῃ
1567 3626 1695 3706 habent,
1720 3634 1859 3702 secutus,
1883 3627 2052 3707 quicquam

363 3951 408 4010 ⁴3)
436 3953 468 4002 de
486 3951 755 4019 Carthaginiensium,
775 3959 819 4022 qui
833 3957 927 4007 Punici
945 3965 1021 4010 erant
1032 3956 1128 4016 coloni,
1146 3955 1257 4021 perfidia
1271 3956 1404 4006 Romanos
1417 3955 1541 4006 consular
1555 3957 1706 4022 scriptores,
1725 3957 1769 4021 qui
1782 3968 1861 4018 quam
1874 3953 2050 4008 intellexerint

239 4041 316 4092 iidem
337 4041 463 4090 Punicam
481 4039 552 4089 hand
571 4041 733 4106 ignoramus.

362 4125 408 4182 Adi
434 4127 561 4190 Exceptis
580 4127 644 4176 solis
664 4127 866 4193 Cappadocibus
880 4128 1068 4197 Cilicibuoqne,
1088 4145 1152 4196 qnos
1167 4129 1339 4180 Cretensibus
1359 4127 1495 4178 inferiores
1514 4125 1565 4180 bec
1591 4145 1618 4180 re
1645 4145 1698 4180 non
1726 4129 1808 4181 inisse
1837 4132 1898 4181 trito
1924 4130 1968 4182 illo
1987 4145 2046 4195 pro·

238 4215 315 4265 batur
334 4214 487 4278 proverbio:
505 4213 572 4282 Ιτρία
590 4207 687 4264 κάππα
704 4210 832 4266 ariniara!

359 4298 405 4355 dbl
432 4299 465 4349 ci.
485 4315 526 4360 ee,
543 4315 611 4365 quae
629 4301 663 4351 ad
682 4301 707 4350 h.
727 4302 744 4352 l.
762 4302 833 4366 apud
853 4303 1004 4352 Ernestium
1023 4302 1180 4366 interpretes
1198 4304 1337 4368 proterunt
1358 4301 1479 4367 exempla

359 4383 406 4444 Ab)
433 4385 466 4436 cf.
486 4387 637 4452 Spanhemii
656 4385 798 4438 observata.
818 4390 845 4437 in
865 4387 969 4438 Callim.
989 4387 1100 4452 hymnos
1120 4403 1144 4452 p.
1160 4386 1203 4441 32.
1532 4447 1536 4454 ,

360 4473 405 4538 λλ)
433 4475 567 4544 παροιμία
585 4471 638 4524 ἐστί
656 4470 685 4524 τὸ
703 4474 834 4540 κρητίζειν
853 4473 897 4525 aar
916 4473 962 4525 τοῦ
985 4470 1146 4537 ψεύδεσθαι,
1170 4472 1224 4525 eiad
1246 4471 1401 4544 Ἰδομενέως
1421 4469 1468 4524 τοῦ
1493 4471 1595 4542 Κρητὸς
1616 4473 1744 4543 parisien,
1772 4469 1800 4530 ὃς
1826 4469 1919 4540 λαχὼν
1940 4474 2051 4543 μερίσαι

238 4563 294 4620 τοῖς
304 4560 410 4624 Ἕλλησι
428 4558 459 4611 τὰ
476 4555 585 4627 λείρορα
603 4555 649 4611 τοῦ
665 4557 744 4613 Ἰλίου
758 4557 786 4610 πί
806 4561 915 4627 κρείττω
935 4559 1019 4630 canapo
1037 4558 1242 4632 περιεποιήσατο
1255 4563 1405 4622 (Meinehl.

359 4647 404 4702 tbi
433 4649 466 4699 ct.
484 4645 631 4700 Blomfield.
650 4653 742 4698 annot.
760 4651 787 4698 in
807 4647 909 4700 Gallim.

358 4733 404 4798 All)
432 4735 466 4786 cf.
493 4734 580 4786 Schol.
599 4734 633 4784 ad
652 4734 677 4785 h.
697 4733 714 4784 1.

356 4822 402 4883 50)
430 4824 474 4887 qui
493 4838 553 4887 pro:
572 4815 623 4888 Ιἧχι
635 4815 759 4890 μάλιστεί
776 4821 874 4872 habet:
891 4817 1063 4884 (εὐνηθεῖσα)

357 4907 403 4972 51)
430 4909 462 4960 ct.
483 4909 572 4974 Steph.
594 4911 647 4976 Bya
675 4925 696 4960 s.
716 4925 741 4960 a.
761 4908 919 4976 Παρραοία.·
945 4903 1072 4976 Νικάνωρ
1092 4906 1120 4959 de*
1142 4911 1305 4976 Παρμασίαν
1331 4906 1414 4975 φησίν
1439 4903 1520 4969 αὐτὴν
1544 4904 1690 4967 κεκλῆσθαι
1715 4900 1760 4953 drr'r
1785 4901 1831 4968 τὴν
1855 4899 1994 4962 Λυκάονος
2015 4904 2054 4962 είς

238 4989 284 5044 τὸν
301 4994 352 5044 Δία
371 4994 556 5062 παρανομίαν.
