4498 5736
1082 393 1121 460 13

973 479 1229 491 n———ffl

276 597 425 680 Aeschyl.
450 595 536 662 Pers.
562 595 639 663 76οι

492 701 604 784 τοινοέρ
627 717 706 785 σφιν
727 699 821 784 ἔργον
843 700 927 766 ἐστὶν
949 699 1190 786 ἐξειργασμένον

101 835 104 842 -
184 797 239 866 tcl.
253 802 351 868 ctIara
364 803 446 886 hym.
459 803 587 870 Homer.
600 802 686 868 XIX.
706 802 755 884 19,
769 803 869 868 XXX.
886 803 916 883 9,
940 803 1113 873 Hermann.
1136 807 1270 888 Orphp
1294 805 1368 872 792.
1386 813 1419 872 et
1436 804 1509 870 797.
1528 811 1561 870 ot
1576 804 1694 870 Buttm.
1707 803 1806 870 Lexil.
1821 801 1846 870 l.
1866 805 1914 886 ll,
1931 807 2004 889 ta),

189 904 236 967 ita
261 906 360 971 etiam
383 915 493 972 nostro
515 907 584 974 loon
607 911 666 992 φιν
687 909 771 974 idom
795 914 845 973 est
868 913 963 990 atque
987 907 1082 995 δοιιῆ.

320 1005 409 1085 Quod
438 1011 479 1076 ad
509 1011 711 1076 sanctitatem
741 1011 828 1076 illam
857 1011 935 1090 loci,
966 1030 1030 1094 quo
1053 1011 1142 1078 Rhea
1164 1013 1270 1078 Iovem
1301 1013 1441 1094 peperit,
1476 1013 1602 1092 attinet,
1637 1012 1737 1077 multa
1760 1013 1876 1078 scimus
1907 1013 2005 1080 luisse

185 1127 292 1190 sacra,
317 1113 359 1177 ad
382 1133 465 1195 quae
494 1131 555 1178 non
577 1112 724 1179 omnibns
746 1114 828 1179 liber
850 1121 884 1178 et
905 1123 1072 1197 promptus
1096 1122 1185 1182 esset
1204 1115 1320 1181 aditus.
1365 1114 1467 1179 Multa
1490 1115 1664 1180 Pausanias
1687 1121 1854 1182 enumerat
1875 1118 2005 1198 templa,

185 1229 269 1292 qaae
293 1217 393 1281 semel
417 1223 541 1282 tanturn
564 1236 621 1299 per
643 1235 759 1282 anuum
784 1219 937 1298 patebant
959 1217 1135 1284 colentibus
1160 1219 1208 1283 vel
1233 1236 1315 1300 quae
1346 1218 1422 1282 solis
1451 1215 1669 1283 sacerdotibus
1699 1219 1786 1286 adire
1814 1221 2004 1300 permissum

185 1318 316 1396 aravi).
363 1321 466 1402 adyta
487 1320 543 1385 illa
566 1321 614 1384 vel
639 1320 741 1386 abata-
757 1340 839 1402 qune
867 1320 1064 1387 vocabantur
1097 1322 1160 1388 alia
1193 1323 1266 1387 aliis
1300 1329 1391 1386 eraut
1426 1321 1608 1386 interclusa.
1668 1319 1713 1386 Ut
1747 1339 1843 1388 unum
1878 1327 2003 1388 matum

184 1417 333 1498 afferam,
356 1419 463 1489 lanum
486 1425 565 1489 illud
590 1424 860 1506 MagnaeMatris
883 1425 924 1490 ab
943 1423 1190 1490 Atheniensibus
1213 1431 1431 1491 consecratum
1457 1424 1638 1490 Athenaeus
1671 1424 1726 1507 (X.
1751 1425 1817 1502 19.)
1841 1427 1940 1492 tradit
1963 1429 2001 1492 iis

186 1540 248 1588 uon
274 1524 403 1592 licuisse
427 1528 526 1608 adire,
550 1530 603 1610 qui
626 1527 736 1593 allium
760 1527 940 1609 merente).
986 1528 1076 1606 Quod
1099 1537 1205 1593 autem
1229 1530 1268 1594 de
1292 1547 1339 1606 ao,
1367 1526 1585 1609 qunluppiter
1607 1531 1701 1592 uatus
1724 1534 1782 1602 est,
1817 1527 1884 1594 loco
1907 1529 2003 1595 Calli·

185 1629 318 1692 machus
342 1629 439 1708 uixit,
471 1631 554 1696 idem
588 1632 721 1712 legimus
745 1631 830 1712 apud
855 1631 1044 1698 Pausaniam
1068 1631 1156 1696 Vlll.
1183 1633 1241 1712 26,
1265 1633 1299 1698 2:
1322 1630 1395 1716 ιἔστι
1420 1629 1456 1692 δὲ
1485 1629 1569 1713 πρὸς
1598 1633 1634 1721 τῆ
1662 1633 1786 1720 κορυφῇ
1814 1635 1872 1696 τοῦ
1902 1631 1999 1716 ὄρους

185 1729 352 1814 σπήλαιον
377 1733 432 1818 τῆς
449 1731 538 1814 Ῥέας
567 1740 620 1799 καὶ
647 1734 681 1813 ές
709 1732 788 1798 αδτδ
820 1735 868 1799 ὅτι
897 1737 941 1822 μῆ
971 1740 1096 1816 γυναιξὶ
1122 1737 1238 1820 μόναις
1264 1734 1365 1818 ἱεραῖς
1397 1736 1452 1820 τῆς
1483 1735 1567 1797 θεοῦ
1601 1732 1792 1816 ἀνθρώπων
1824 1758 1859 1812 γε
1892 1733 2000 1800 οδδεν)

186 1832 336 1898 ἐσελθεῖν
357 1835 422 1899 ἔστι
448 1839 512 1901 τῶν
541 1837 656 1904 ἄλλον.
703 1837 791 1903 Idem
827 1845 965 1905 testatur
988 1841 1120 1907 Noanus
1145 1841 1273 1922 Dionys,
1319 1837 1409 1904 XIII.
1433 1837 1512 1917 291,
1546 1837 1601 1920 qui
1625 1836 1794 1902 manitasta
1817 1838 2003 1904 Callimachi

184 1937 365 2005 imilatione
381 1939 478 2007 habet
495 1940 588 2007 haee:
611 1946 804 2027 Παρρασίην
824 1941 849 2006 τ’
871 1943 1045 2028 εὔδενδρον
1067 1946 1130 2032 δπη
1152 1943 1254 2008 πέδον
1277 1943 1343 2007 ἐστὶ
1364 1945 1500 2027 δεαένης
1515 1939 1641 2022 οἷστιβὲς
1663 1939 1847 2024 δρχεγένοιο
1870 1940 2003 2024 loquitor

184 2041 280 2104 εἰσέτι
297 2038 406 2128 Ῥείης.
452 2043 541 2120 Quod
566 2063 639 2110 vero
663 2045 778 2114 animal
803 2045 1062 2131 ‚pspntnoptvov'
1084 2049 1115 2112 in
1140 2046 1218 2112 illud
1240 2047 1348 2112 Rheae
1370 2047 1537 2112 introIsset
1559 2053 1696 2126 autrum,
1722 2045 1754 2109 id
1777 2044 2003 2112 animadvertit

184 2145 528 2213 schoIIasta·aIlectum
552 2166 623 2212 esse
646 2150 815 2214 sterilitate
838 2168 941 2234 nequa
964 2153 1026 2217 Iam
1051 2153 1193 2218 umbram
1216 2150 1339 2217 fecisse.

318 2250 448 2330 Locum,
478 2269 539 2332 qno
563 2249 652 2316 Rhea
681 2251 786 2318 lovem
810 2255 950 2334 peperit,
988 2253 1200 2320 Callimachus
1234 2254 1312 2319 dicit
1345 2253 1521 2334 antiquitus
1560 2251 1755 2332 appellatum
1790 2267 1861 2314 esse
1894 2250 2001 2318 Rheae

185 2372 362 2436 puerperae
385 2354 511 2419 lectum.
543 2353 677 2431 Quinam
699 2355 902 2437 intellegendi
926 2358 991 2422 siut
1012 2357 1058 2422 illi
1082 2357 1135 2438 qui
1160 2357 1363 2422 nominantur
1382 2355 1584 2439 Ἀπιδανῆες,
1615 2353 1787 2421 schellastu
1810 2353 1917 2432 docet,
1940 2355 1994 2438 qui

185 2457 325 2537 aatIquis
354 2475 467 2523 nomen
497 2457 575 2523 illud
605 2465 744 2524 testatur
772 2458 871 2525 luisse
900 2461 1085 2528 Arcadibus,
1136 2459 1303 2544 Ἀρκάδας
1320 2459 1521 2545 Ἀπιδανῆας
1542 2457 1736 2523 Schneidero
1770 2464 1852 2524 teste
1879 2457 1998 2524 habent

184 2559 292 2640 etiam,
307 2559 360 2642 qui
374 2559 585 2628 Callimachea
600 2561 631 2626 ia
649 2579 742 2626 usum
758 2581 849 2627 suurn
866 2573 1052 2630 convertere
1067 2563 1224 2640 solebant,
1257 2564 1361 2646 Apoll.
1378 2563 1480 2630 Rhod.
1492 2561 1547 2627 IV.
1560 2560 1633 2640 263,
1646 2561 1779 2642 Dionys.
1791 2559 1911 2645 Perieg.
1925 2559 1999 2638 415,

187 2663 290 2729 Noun.
314 2663 442 2745 Dionys.
467 2664 555 2731 Xlll.
579 2663 657 2744 2943
695 2666 793 2731 habet
826 2669 922 2733 etiam
961 2668 1148 2734 Eustathius
1182 2668 1222 2732 ad
1251 2668 1380 2750 Dionys
1405 2666 1528 2747 Perieg.
1559 2663 1681 2746 45⁶⁸).
1738 2663 1807 2730 Non
1843 2667 2000 2730 consentit

183 2767 313 2848 quidem
336 2785 406 2832 cum
431 2766 601 2833 Rustathio
624 2766 804 2849 Stephanus
829 2770 962 2853 Byz.⁶⁴)‚
988 2774 1054 2854 qui,
1081 2773 1179 2838 libros
1204 2772 1230 2836 si
1255 2771 1428 2852 sequimur,
1458 2775 1492 2833 at
1514 2770 1583 2850 ipse
1601 2765 1785 2844 Ἀπιδόνες,
1811 2765 1999 2852 Ἀαιδονῆες

186 2873 316 2953 scripsit
339 2878 372 2935 et
393 2870 552 2936 Rhianum
582 2873 628 2937 itn
656 2873 822 2954 scripsisse
851 2876 1050 2953 testatur⁶⁵).
1114 2873 1226 2956 Neque
1254 2874 1338 2954 apud
1368 2872 1605 2950 Strabonem⁸⁰)
1625 2869 1825 2956 Ἀπιδανῆας
1854 2871 2000 2952 legimus

185 2974 243 3038 sed
261 2973 446 3051 Ἀπιδόνας.
504 2972 595 3050 Quod
623 2982 729 3041 tamen
759 2978 943 3059 scrupulum
966 2979 1057 3045 nohis
1080 2980 1197 3045 intuere
1221 2994 1281 3042 uon
1305 2974 1409 3040 debet
1467 2975 1531 3039 Ros
1560 2976 1662 3054 enim,
1697 2993 1777 3056 quos
1805 2993 1903 3056 supra
1930 2974 1998 3039 lau·

183 3078 338 3158 uenimus,
362 3087 461 3144 testes
484 3079 645 3162 librosque
668 3081 909 3161 raspIcientihus
934 3081 1141 3148 dubitandum
1165 3101 1226 3146 non
1250 3087 1310 3156 est,
1340 3081 1415 3161 quin
1430 3079 1616 3144 Callimachi
1633 3079 1677 3143 sit
1695 3077 1790 3143 illud:
1809 3077 2000 3161 Ἀπιδανῆες

186 3187 219 3244 et
249 3183 323 3263 quIn
354 3182 448 3263 alias,
482 3191 518 3247 ut
548 3189 634 3249 recte
656 3183 868 3250 Schneiderus
897 3186 1136 3264 aalmadvertit‚
1171 3183 1384 3251 Callimachus
1413 3189 1542 3248 secutus
1572 3183 1616 3247 sit
1645 3183 1784 3247 ratlanes
1808 3179 1999 3264 Ἀπιδανῆες

182 3283 326 3350 scribens
350 3291 446 3367 atque
469 3288 508 3364 ii,
542 3288 595 3368 qui
620 3285 868 3367 Peloponnesios
893 3296 926 3352 et
951 3289 1089 3355 Arcades
1113 3288 1153 3353 ab
1177 3287 1278 3370 Apide
1303 3287 1458 3352 Phoronei
1481 3282 1546 3349 lilio
1570 3286 1701 3351 tradunt
1729 3283 1905 3366 appellatos
1927 3301 1999 3346 esse

180 3387 233 3451 vel
257 3389 353 3452 etiam
377 3409 396 3453 n
418 3387 547 3455 flumine
571 3392 706 3473 quodam
724 3391 877 3473 Apidone.
923 3391 1043 3458 Docere
1067 3393 1205 3456 voluisse
1230 3391 1356 3456 videtur
1372 3407 1485 3454 nomen
1507 3388 1567 3455 hoc
1590 3389 1630 3454 ad
1653 3407 1734 3468 eam,
1757 3388 1796 3454 de
1818 3406 1882 3468 qua
1903 3386 1997 3467 paulo

182 3497 258 3571 post
278 3500 319 3562 tv.
339 3494 388 3559 18.
404 3501 490 3575 sqq.)
506 3493 655 3575 loquitur,
672 3495 832 3562 Arcadiae
848 3494 1048 3562 referendum
1066 3513 1136 3559 osse
1151 3495 1337 3560 siccitatem.
1377 3493 1467 3570 Qnou
1484 3493 1579 3556 etlam
1595 3492 1783 3558 Rustathius
1801 3491 1997 3568 testatore),

182 3596 236 3678 qui
263 3595 431 3661 nonnullos
455 3597 553 3663 tradil
571 3596 689 3664 Ἀπέον
710 3606 743 3665 et
761 3599 947 3675 Ἀπιδανεῖς
969 3599 1030 3664 dici
1047 3598 1184 3663 voluisse
1207 3595 1287 3662 κατὰ
1311 3599 1454 3682 στέρησιν
1475 3597 1532 3659 τοῦ
1554 3607 1649 3675 πιεῖν,
1672 3600 1726 3660 καὶ
1750 3597 1813 3658 τοῖν
1836 3594 1993 3660 πιδοέιιοιν.

304 3941 350 4000 61)
377 3943 410 3994 cl.
428 3944 545 3998 Labecia.
563 3945 697 4014 Aglaoph.
714 3965 741 4014 p.
759 3945 819 4001 279.

301 4029 346 4094 62)
373 4030 407 4084 ci.
426 4028 601 4082 Schoernenn.
638 4033 744 4085 Griach.
764 4032 876 4085 alterna.
895 4033 931 4085 11.
950 4049 974 4100 p.
994 4031 1054 4086 666.

301 4120 347 4185 63)
374 4119 419 4173 καὶ
432 4113 536 4177 Ῥιανὸς
553 4119 583 4170 δέ
600 4136 683 4187 φησιν
702 4116 890 4183 κέντδςἈπις,
910 4115 939 4177 tr
957 4114 980 4189 ρ’
999 4115 1090 4182 Ἀπίην
1109 4115 1214 4186 lancula
1233 4115 1279 4167 καὶ
1298 4112 1395 4184 ἀνέρας
1411 4110 1582 4178 Ἀπιδανῆας.

301 4206 347 4264 tlt
375 4210 409 4261 ci.
428 4207 521 4272 areph.
540 4208 603 4272 Byz.
625 4225 651 4274 p.
679 4207 735 4260 tut.
753 4227 775 4260 ι.
792 4225 819 4258 v.
843 4203 928 4257 Ἀπία·
957 4205 1039 4259 οὕτως
1063 4205 1090 4257 ol
1114 4200 1237 4271 νεώτεροι
1259 4200 1289 4252 τὸ
1307 4203 1403 4270 Ἀργος
1428 4201 1473 4253 καὶ
1491 4199 1550 4256 τοὺς
1567 4197 1755 4255 κατοικοῦντας
1771 4191 1920 4260 Απιδόνας,
1939 4191 1993 4248 α’πο

174 4299 284 4357 Ἀπιδος
299 4300 346 4350 τοῦ
365 4295 526 4364 Φορωνέως,
544 4293 579 4354 ὡς
591 4289 696 4352 Ῥιανὸς
712 4295 742 4345 έν
762 4291 894 4364 Ἀχαϊκῶν
912 4291 1034 4360 δεοτέρω,

546 4380 655 4450 ῆμετέρη
673 4399 714 4433 τοι
733 4381 812 4434 τέκνα
830 4380 980 4449 Φορωνέως
998 4375 1029 4445 ἦν
1048 4377 1074 4429 δ’

406 4467 528 4542 α’ρχῆδεν
547 4464 635 4538 γενεή.
655 4471 701 4521 τοῦ
723 4467 751 4519 δέ
771 4466 865 4528 κλειτὸς
882 4463 1092 4535 έκγένετ’Ἀπις,

407 4555 436 4617 tr
454 4553 478 4628 ῥ’
496 4552 588 4619 tantm
607 4551 711 4622 έιςιὶτιζε
731 4551 777 4605 ant
796 4551 892 4622 ἀνέρας
908 4549 1073 4618 Ἀπιδανῆας.

176 4649 204 4704 τὸ
224 4647 335 4704 taranta
353 4641 454 4704 Ἀπιιδς
471 4641 559 4707 δηλῶν
577 4639 625 4694 τὸν
644 4637 879 4707 natanaelem,
897 4638 943 4692 acl
961 4636 1088 4703 Ἀπίηδεν
1105 4636 1135 4690 τὸ
1158 4638 1187 4689 lx
1209 4631 1302 4698 τόπον,
1327 4630 1372 4685 κατ’
1394 4627 1530 4688 Ἀπιδόνες
1552 4625 1598 4681 καὶ
1614 4623 1774 4693 Ἀπιδανῆες.
1812 4621 1949 4685 Ἀπιδδνες
1965 4625 1994 4680 δὲ

8 4712 13 4723 Ι
178 4739 223 4791 ιτα)
250 4737 278 4792 nl
304 4731 428 4806 Ἀρκάδες
453 4729 507 4783 ἀπὸ
535 4725 674 4788 Ἀπιδὸνος
700 4728 824 4798 ποταμοῦ
854 4725 867 4791 ἢ
895 4727 941 4779 τοῦ
971 4725 1032 4778 olari
1058 4723 1207 4792 Φορωνέως
1230 4721 1347 4780 Ἀπιδος.
1394 4715 1541 4789 Δημήτριος
1567 4714 1595 4768 δὲ
1626 4717 1670 4768 να)
1700 4711 1824 4785 ποταμδν
1850 4711 1994 4766 Ἀπιδανὸν

4 4731 10 4929 Ι
177 4826 221 4892 τῆς
239 4821 369 4896 Τρωάδος
385 4822 476 4892 φησίν.
1658 4889 1670 4901 .
1903 4889 1909 4902 ⁸

299 4911 344 4974 65)
372 4911 405 4962 ef.
423 4918 513 4962 tumen
531 4907 656 4970 Malacha,
676 4905 725 4968 qul
744 4907 815 4954 recte
834 4901 979 4967 Stephano,
998 4899 1097 4952 Rhiani
1116 4899 1200 4952 verba
1220 4897 1351 4958 alienanti,
1370 4894 1518 4947 Eustathii:
1542 4887 1703 4954 Ἀπιδανῆες
1719 4890 1866 4942 restituique
1884 4887 1997 4940 videtur.

301 4997 346 5060 66)
378 4995 465 5050 Strnb.
486 4997 582 5064 Gangr.
600 4992 660 5058 616,
679 4991 720 5045 35.

4 5067 10 5206 l
115 5133 126 5162 .
