4498 5736
1060 421 1098 486 tt

170 633 333 702 codicibus
356 651 385 699 v.
409 629 462 698 30.
484 631 616 714 legitur:
649 625 857 694 άντωνάσεσσ
883 632 987 712 μέγαν
1001 624 1132 711 ὑψόθι·
1148 627 1264 712 πῆχυν,
1289 622 1496 698 Blomfieldus
1525 624 1629 692 minus
1657 631 1743 694 recte
1772 625 1834 693 dici
1865 631 1991 708 putans,

173 757 231 820 pro
265 733 380 821 άηυάβι
414 732 608 802 Callimacho
641 731 824 798 substituit:
864 727 983 816 ὑψόσε.
1039 730 1107 797 Νου
1143 747 1320 811 repugnare
1355 734 1461 794 tamen
1502 735 1667 810 poetarum
1703 728 1990 798 Alexandrinorum

171 839 319 922 loquendi
341 837 564 905 consuetudini
587 835 666 903 illud
689 827 818 919 ὑψόθι,
842 852 899 914 pro
914 829 1021 918 ὑψόσε
1036 835 1201 915 scriptum,
1226 833 1280 914 qui
1304 849 1365 896 uon
1390 829 1506 914 ubique
1523 831 1600 904 talia
1617 838 1763 900 accurate
1780 832 1988 914 distinguant,

170 961 240 1009 uum
264 931 442 1008 ldei'nekius
464 938 606 1007 ostendit
627 945 693 1004 turn
718 935 930 1002 Schneiderus
953 943 1019 1002 tam
1042 937 1150 1004 multis
1174 936 1285 1002 hurum
1319 941 1484 1017 poetarum
1513 935 1732 1017 comprobavit
1759 937 1930 1018 exemplis,
1953 943 1989 1002 ut

168 1045 261 1126 plura
283 1046 323 1112 de
345 1045 405 1109 hac
428 1062 463 1109 re
485 1042 626 1126 prolerre
649 1057 729 1124 opus
754 1059 814 1105 nou
839 1039 890 1106 sit.
925 1038 1038 1122 Neque
1060 1040 1152 1105 aliter
1175 1056 1226 1105 res
1242 1057 1313 1104 seso
1329 1038 1426 1104 habet
1448 1056 1518 1104 oum
1539 1036 1716 1104 Blomfieldi
1734 1038 1802 1104 illo:
1825 1042 1988 1124 κευθμῶν’

169 1149 213 1224 ἐς,
236 1149 321 1231 quod
338 1147 520 1213 Ernestium
544 1151 673 1212 secutus
695 1161 753 1225 pro
776 1142 942 1210 librorum:
967 1141 1113 1226 κευάμάν
1130 1141 1191 1206 ἔσω
1211 1139 1404 1208 Callimacho
1421 1137 1652 1207 restituendum
1665 1144 1799 1209 consuit.
1835 1147 1987 1228 Κευβμάς

174 1252 300 1334 quidem
325 1249 427 1317 forma
450 1248 566 1315 offendi
589 1265 650 1312 nou
673 1247 825 1325 debebat,
859 1247 1054 1314 Callimacho
1084 1248 1110 1312 si
1140 1247 1189 1312 cui
1217 1245 1280 1311 alio
1308 1245 1445 1312 rariores
1479 1244 1684 1310 vindicandos
1714 1263 1784 1312 esse
1814 1246 1986 1324 lormas”)

170 1353 255 1420 haud
280 1355 440 1437 ignoraus.
475 1351 565 1430 Quod
588 1368 663 1416 vero
686 1368 742 1431 pro
766 1347 827 1416 ἔσω
850 1350 979 1434 scripsit
1002 1348 1035 1424 ἐς
1055 1367 1186 1430 prorsus
1202 1349 1372 1431 epicorum,
1397 1355 1432 1414 ut
1454 1354 1540 1414 reete
1557 1348 1782 1415 animadvertit
1797 1350 1987 1428 Meiuekius,

173 1458 310 1538 neglexit
332 1454 483 1538 loquendi
509 1471 599 1520 usum
613 1454 662 1530 ⁰⁷).
699 1456 741 1519 At
763 1453 841 1520 haec
865 1455 997 1520 minora.
1032 1451 1161 1518 Maioris
1185 1453 1334 1518 momenti
1360 1460 1444 1532 sunt,
1467 1468 1550 1532 quae
1571 1451 1682 1516 statim
1698 1460 1875 1534 sequuntur
1890 1455 1987 1522 verba

171 1565 212 1636 (v.
235 1558 288 1625 35.
311 1575 383 1641 sqp,
406 1557 576 1640 atquibus
599 1556 684 1622 haud
707 1557 772 1622 scio
796 1575 835 1622 an
860 1557 955 1623 nimis
979 1557 1037 1622 viri
1067 1555 1151 1620 docti
1181 1556 1283 1621 vexati
1311 1555 1376 1620 sint
1404 1573 1490 1634 eam,
1523 1572 1619 1636 quum
1654 1553 1813 1621 invenisse
1842 1557 1902 1622 sibi
1926 1559 1986 1626 visi

171 1668 257 1737 sunt,
280 1661 394 1728 tollere
416 1661 582 1726 studentes
607 1659 826 1740 tautologiam.
870 1659 969 1724 Recto
992 1659 1119 1740 quidem
1143 1658 1321 1726 Meinekius
1344 1659 1541 1741 anaphoras,
1565 1676 1647 1740 quae
1669 1666 1815 1739 vocatur,
1849 1659 1984 1744 liguram

170 1764 201 1828 in
225 1764 276 1840 iis,
299 1782 381 1845 quae
404 1765 586 1839 traduntur,
610 1763 727 1829 verbis:
752 1765 955 1847 πρεσβυτάτῃ
984 1765 1191 1847 reputaret
1215 1766 1374 1849 πρωάστῃ
1394 1763 1482 1852 γενεῇ
1504 1762 1602 1827 statui
1626 1779 1688 1826 uon
1711 1780 1817 1844 posse,
1840 1766 1984 1831 animad-

172 1866 277 1943 vertit,
300 1866 389 1932 cuius
412 1867 461 1936 len
485 1868 528 1932 sit
550 1885 600 1946 ea,
624 1872 660 1929 ut
684 1863 887 1953 πρεσβυτάτῃ
908 1865 1064 1932 adiectivo
1086 1866 1173 1932 aliud
1196 1865 1348 1932 substitui
1372 1883 1433 1932 uon
1456 1865 1568 1946 possit.
1606 1863 1696 1943 Quod
1720 1871 1837 1939 tamon.
1859 1871 1986 1950 quaesi

171 1969 202 2033 in
227 1969 331 2035 verbis
355 1970 418 2035 illis
441 1971 567 2036 videtur
590 1968 710 2047 inesse,
745 1970 952 2052 tautologiam
980 1985 1016 2034 eo
1045 1968 1252 2036 amovendam
1281 1973 1404 2047 censet,
1439 1968 1523 2049 quod
1553 1971 1713 2053 πρωτίστη
1734 1988 1772 2034 en
1795 1969 1987 2052 glossemate

173 2077 281 2139 natum
305 2091 377 2138 esse
400 2080 500 2150 ratus,
523 2073 626 2137 locunt
649 2071 696 2136 ita
718 2071 854 2155 refingit,
879 2078 929 2137 ut:

434 2178 637 2262 πρεσβυτάτῃ
658 2179 821 2260 νυμφέων,
846 2179 883 2239 αῖ
901 2196 958 2258 μιν
978 2177 1050 2240 aare
1069 2178 1268 2256 patulcum,

433 2280 628 2366 πρεσβυτάτῃ
651 2277 760 2365 γενεὴν
778 2279 863 2360 μετά
882 2301 918 2356 γε
938 2281 1045 2358 Στάγω
1067 2301 1100 2341 τε
1123 2277 1268 2364 Φιλάρην
1289 2300 1322 2340 τε

171 2383 305 2464 scribat,
340 2385 386 2449 vel
417 2384 502 2466 quod
531 2385 720 2450 alterutrum
747 2380 859 2445 horum
890 2399 1037 2446 versuum
1066 2381 1202 2448 adocto
1231 2380 1465 2462 interpolatore
1490 2397 1561 2445 esse
1590 2380 1748 2448 adiectum
1763 2384 1821 2463 ⁸⁸),
1844 2385 1908 2466 vel,
1932 2387 1987 2469 qui

173 2487 265 2552 initio
287 2505 369 2552 unus
391 2487 506 2553 fuisset
528 2504 655 2552 versus:

430 2590 631 2676 πρεσβυτάτῃ
652 2592 806 2674 νυμφέων
825 2589 908 2671 μετά
928 2610 964 2666 γε
985 2587 1090 2667 Στύγα
1111 2611 1145 2652 τε
1167 2585 1310 2671 ormam
1330 2609 1364 2650 τε

171 2693 203 2757 in
226 2692 307 2759 duos
330 2693 499 2759 dilatatum
527 2713 599 2759 esse
627 2693 756 2772 conicit,
790 2708 850 2756 nou
886 2691 1050 2772 probatur.
1096 2691 1207 2774 Neque
1230 2708 1339 2756 eorum
1363 2688 1527 2770 probanda
1551 2693 1722 2773 sententia,
1752 2692 1815 2773 qui,
1838 2693 1986 2778 frigidam

170 2797 239 2862 loeo
262 2803 380 2878 nostro,
403 2814 498 2878 quam
514 2801 628 2878 putant
645 2795 759 2875 inesse,
783 2793 990 2876 tautologiam
1014 2801 1049 2859 ut
1065 2795 1188 2874 tollant,
1212 2793 1414 2879 πρεσβυτάτῃ
1436 2793 1487 2860 hic
1509 2791 1592 2859 idom
1616 2813 1687 2860 esse
1704 2799 1852 2864 statuunt
1872 2805 1987 2882 atque:

170 2901 307 2966 maxime
336 2898 544 2980 venerandae,
567 2898 750 2965 carissimae
764 2899 838 2976 ⁹⁹).
861 2897 959 2963 Recte
981 2898 1066 2963 enirn
1088 2897 1266 2964 Meinelrius
1289 2896 1517 2978 superlativum
1547 2900 1778 2982 curopazates,
1801 2902 1981 2986 ubicunque

168 3003 211 3067 do
233 3005 378 3085 personis
401 3003 504 3070 dictus
533 3003 727 3083 reperiatur,
751 3019 812 3067 nun
842 3000 883 3065 ad
912 2999 1074 3074 honorem,
1105 3003 1159 3066 sed
1189 3002 1230 3067 ad
1257 3009 1396 3068 aetatem
1424 2999 1624 3068 referendum
1652 3022 1724 3070 esse
1752 3004 1853 3070 docet.
1898 3005 1986 3084 Quae

169 3108 323 3174 Meinekii
346 3107 506 3172 sententia
529 3123 591 3170 non
615 3103 882 3185 improbatorem
906 3106 960 3185 qui
984 3104 1067 3185 apud
1092 3103 1265 3170 Homerum
1288 3105 1379 3170 nobis
1402 3104 1547 3183 occurrit,
1571 3105 1638 3173 loco
1661 3107 1697 3174 ll.
1721 3106 1776 3175 IV.
1800 3107 1858 3176 59:

430 3213 484 3273 aul
504 3232 546 3291 με
567 3207 784 3292 πρεσβυτάτην
805 3209 910 3270 τέκετο
934 3204 1061 3292 Κρόνος
1082 3205 1307 3295 άγιιυλομήτης,

430 3308 628 3396 άμφὰτερον,
649 3313 739 3401 γενεῇ
759 3334 794 3374 τε
814 3315 869 3374 καὶ
891 3309 1006 3375 οὔνεκα
1030 3310 1069 3396 σὴ
1090 3313 1290 3395 παράκοιτις,
1313 3310 1482 3397 κέκλημαι·

167 3414 225 3480 ubi
249 3432 327 3480 saue
348 3414 449 3495 ipsius
473 3414 627 3480 sermonis
650 3421 799 3479 contextu
823 3413 964 3495 coginuu
986 3412 1190 3494 interpretari
1214 3415 1434 3500 πρεσβυτάτην
1463 3416 1686 3483 venerandam.
1732 3415 1793 3483 Uol
1817 3435 1892 3483 vero
1913 3435 1985 3484 ora·

164 3518 267 3584 tionis
291 3523 459 3583 contextus
483 3516 776 3598 interpretationem
807 3516 888 3582 hauc
917 3535 979 3582 nou
1007 3516 1164 3596 postulat,
1200 3517 1243 3584 ibi
1272 3519 1341 3583 iure
1364 3517 1575 3585 Schneiderns
1606 3519 1698 3586 docet
1719 3521 1927 3601 perstandum
1951 3522 1982 3586 in

165 3621 334 3705 primitiva
355 3619 441 3685 vocis
464 3619 559 3684 huius
582 3616 821 3700 significatione,
845 3639 927 3702 quae
950 3625 1014 3685 est:
1044 3617 1199 3686 maximus
1227 3630 1315 3689 natu.
1361 3623 1464 3687 Aliam
1489 3620 1702 3690 Schneiderus
1729 3641 1832 3706 neque
1865 3625 1985 3691 Meina-

162 3727 257 3792 kium
281 3741 384 3807 neque
407 3721 590 3788 Ernestium
613 3729 741 3789 secutus
764 3725 927 3806 ingressus
950 3728 1002 3791 est
1023 3724 1123 3802 viam,
1146 3730 1181 3790 ut
1204 3723 1387 3790 Callimachi
1410 3724 1507 3791 verba
1529 3745 1582 3806 oa,
1610 3743 1704 3808 quam
1735 3726 1882 3802 vidimus,
1905 3727 1985 3794 libe-

161 3835 255 3898 raret
278 3825 462 3908 tautologia.
507 3824 597 3903 Quod
620 3830 656 3890 ut
677 3824 806 3908 laceret,
829 3827 925 3893 etiarn
949 3825 1021 3904 alia,
1046 3832 1082 3890 ut
1104 3828 1172 3907 ipse
1195 3826 1281 3906 dicit,
1304 3834 1466 3908 permotus
1489 3836 1540 3895 est
1561 3848 1667 3898 causa.
1713 3829 1787 3912 ,Cur
1808 3831 1913 3912 enim’,
1936 3831 1986 3895 in·

158 4016 425 4035 ‘¹¹’—

293 4138 338 4196 lldl
366 4138 401 4190 ei.
419 4145 507 4188 tamen
525 4137 605 4191 Hom.
624 4137 656 4192 ll.
673 4138 749 4190 Xlll.
761 4137 807 4192 27:
827 4138 921 4190 livalli
934 4135 964 4190 di
982 4131 1050 4202 κήτε’
1069 4133 1113 4190 ὑπ’
1132 4133 1213 4191 αὐτοῦ
1228 4138 1367 4206 πάντοθεν
1385 4139 1415 4191 lx
1432 4135 1572 4210 κευθμῶν,
1589 4141 1676 4209 Apoll.
1688 4139 1773 4196 lllrod.
1791 4142 1891 4208 Argon.
1904 4138 1986 4196 ittae

156 4223 298 4302 κευθμῶν
316 4223 344 4282 ἐξ
365 4216 475 4274 ὑπάτων

291 4309 336 4374 ill)
363 4309 397 4362 cf.
416 4314 521 4376 praeter
539 4325 595 4373 eos,
613 4325 679 4374 quos
697 4307 843 4376 llaiuclriuo
861 4310 953 4363 laudat
970 4310 1053 4374 locos,
1071 4310 1149 4363 Hom.
1168 4309 1200 4363 ll.
1219 4311 1306 4367 XVII.
1327 4310 1388 4366 159:

572 4391 645 4460 αἶψά
662 4411 692 4446 νε
710 4392 870 4470 Πάτροκλον
889 4395 1058 4466 ἔρυσσάμεβσ
1069 4397 1152 4449 Ἴλιον
1170 4397 1248 4461 aluo,-

340 4541 342 4546 ,
398 4481 470 4534 XXI.
493 4481 559 4536 125³
584 4481 651 4533 οἴσει
669 4479 768 4548 δινήεις
783 4483 846 4536 elom
864 4479 928 4542 ἁλὸς
945 4478 1023 4555 eripio
1041 4479 1159 4548 atteror,-

370 4567 469 4623 xxtV.
490 4567 553 4622 lot:
582 4563 666 4637 adrdp
684 4567 752 4636 ἐπὴν
772 4566 909 4642 ἀγάγῃσιν
927 4567 978 4621 ἔσω
997 4570 1101 4635 κλισίην
1119 4567 1243 4640 Ἀχιλῆος,

490 4654 552 4710 199:
582 4649 651 4707 ntio'
669 4655 737 4710 livua
755 4656 800 4709 lut
818 4657 885 4722 νῆας
900 4655 951 4710 ἔστι
971 4653 1085 4726 στρατὸν
1103 4653 1185 4725 sopor
1202 4653 1323 4727 Ἀχαιῶν.

292 4741 340 4800 98)
370 4741 404 4794 et.
421 4742 537 4794 Becker.
557 4751 724 4796 commentat.
742 4743 845 4795 callim.
868 4761 893 4810 p.
914 4743 979 4798 tat.-
1005 4744 1060 4808 ,sed
1087 4745 1192 4796 ridetur
1220 4745 1264 4794 liic
1291 4759 1386 4795 versus
1413 4760 1466 4797 nou
1494 4745 1723 4798 emendationibus
1751 4743 1799 4798 aad
1825 4759 1879 4797 nna
1904 4747 1984 4799 litura

159 4835 320 4895 sanandum
341 4829 429 4897 prodit
447 4831 516 4882 anim
536 4829 687 4882 umutulam
706 4829 880 4882 eruditionem
894 4829 1011 4894 lectoria,
1028 4831 1074 4898 qui
1088 4829 1281 4884 callimachum
1296 4833 1431 4900 corrigere
1449 4831 1540 4895 voluit,
1559 4838 1585 4884 et
1598 4831 1796 4900 frigidissimam
1810 4831 1985 4900 tautologiam

152 4927 242 4983 infert
262 4917 425 4986 repetitione
443 4919 518 4967 rocio
535 4912 707 4987 πρεσβυτάτῃ
723 4923 751 4968 et
768 4918 901 4987 npmlorp
918 4914 999 4988 γενεῇ
1015 4915 1073 4969 cat’

286 5001 339 5062 99)
368 5001 402 5057 el.
419 5002 526 5056 Ernart.
544 5002 578 5056 ad
597 5003 624 5054 u.
644 5005 671 5056 in
690 5004 747 5058 lor.
766 5001 808 5057 dd.
827 5019 854 5070 p.
874 4999 914 5058 tt.
933 5009 959 5055 et
977 5001 1098 5058 Sabeon:
1116 5002 1201 5056 lloll.
1233 4997 1385 5073 Ὁμηρικός.
1421 5003 1516 5075 Progr.
1534 5003 1704 5073 Rendrbnrg.
1742 5002 1818 5058 tato.
