4498 5736
1148 373 1171 487 a

255 627 421 706 didactico,
438 628 522 710 qood
545 625 668 706 dicitur,
693 629 850 694 consecuti
875 638 950 694 sunt
971 629 1109 696 laudem.
1143 629 1236 710 Digni
1259 630 1424 712 imprimis,
1447 645 1580 712 quornm
1604 629 1796 694 mentionem
1815 621 1983 710 'iaciamus
2006 627 2062 696 Ni·

254 729 372 795 cander
394 738 427 796 et
449 733 576 812 Aruina,
600 749 670 796 curn
694 732 808 813 quibos
831 750 935 813 ,quem
958 732 1172 813 simplicitate,
1207 734 1358 814 puritate,
1391 731 1562 815 elegantia,
1597 729 1776 796 fabularum
1800 732 1958 797 suavitate
1981 750 2064 798 eom·

252 851 346 914 pares
370 835 420 900 vix
443 834 638 916 reperias‘.³)
682 833 793 916 Neque
816 841 923 902 tomen
947 839 1074 914 mirum,
1097 844 1208 916 poetas
1224 833 1455 902 Alexandrinos
1479 835 1509 900 in
1534 833 1719 899 sublimiore
1742 835 1796 900 illo
1819 835 1925 916 poesis
1948 853 2064 915 genere

251 937 331 1003 nihil
353 937 418 1002 iere
442 939 653 1020 praestitisse.
698 938 834 1004 Tantum
858 941 941 1005 enim
966 938 1088 1014 aberat,
1112 945 1148 1003 ut
1171 944 1254 1004 totos
1279 957 1349 1004 sese
1372 940 1433 1004 arti
1457 937 1598 1020 poeticae
1621 938 1812 1003 excolendae
1835 939 1998 1019 dederent,
2028 945 2066 1002 ut

250 1041 409 1105 variarum
428 1043 641 1108 doctrinarum
658 1044 764 1108 studio
780 1041 909 1119 incensi,
932 1043 1016 1124 quod
1040 1043 1152 1124 cuique
1176 1041 1317 1122 contigit,
1341 1042 1440 1107 otium
1464 1042 1505 1106 ad
1528 1043 1670 1106 carmina
1684 1039 1866 1108 conterrent
1880 1041 2062 1124 pangenda;

250 1161 351 1225 neque
374 1145 561 1228 plerumque
585 1155 649 1212 tam
673 1147 790 1227 ingenii
814 1145 1012 1212 ducebantur
1036 1147 1197 1211 voluntate
1220 1146 1363 1228 artisque
1397 1145 1491 1210 huius
1513 1163 1631 1220 amore,
1668 1162 1774 1226 quam,
1806 1163 1889 1227 quae
1919 1145 1958 1211 iis
1987 1144 2061 1210 inde

249 1256 444 1326 nasceretur,
468 1251 586 1331 gloriae
609 1251 792 1332 cupiditate.
828 1251 931 1330 Atque
954 1250 1038 1314 inter
1060 1268 1168 1315 omnes
1192 1249 1260 1314 eius
1283 1248 1398 1314 aetatis
1415 1249 1500 1313 viros
1523 1247 1634 1312 doctos
1656 1247 1742 1312 haud
1765 1249 1830 1314 scio
1846 1267 1886 1313 an
1902 1248 2061 1314 neminem

247 1352 399 1432 reperias,
422 1356 497 1434 quin
526 1353 691 1436 praeclara
718 1353 896 1420 eruditione
925 1360 1020 1435 atque
1055 1352 1197 1418 doctrina
1232 1361 1362 1417 ornatus
1397 1352 1494 1416 etiam
1524 1351 1563 1416 ad
1598 1352 1676 1417 artis
1711 1351 1854 1433 poeticae
1888 1351 2062 1432 adspirarit

248 1453 391 1536 gloriam.
437 1455 561 1536 ,Nullus
596 1458 679 1522 enim
703 1459 787 1522 inter
810 1456 990 1538 ingeniosos
1014 1452 1131 1520 saeculi
1155 1454 1240 1520 illius
1264 1455 1409 1520 homines
1430 1472 1545 1520 nornen
1567 1453 1675 1522 habet.
1709 1456 1763 1538 qui
1797 1473 1859 1520 non
1893 1462 1927 1520 ct
1954 1461 2058 1537 poeta,

248 1561 282 1622 et
303 1562 538 1639 grammaticus,
561 1567 594 1626 et
617 1559 824 1641 philosophus
848 1567 881 1624 et
903 1558 1146 1624 mathematicus
1170 1559 1354 1640 praeclarus
1377 1557 1603 1636 haberetur.‘⁴)
1648 1557 1758 1640 Neque
1782 1564 1887 1623 tamen
1911 1577 2062 1640 spernen-

247 1659 320 1726 dam
344 1663 496 1743 nonnulli,
518 1665 662 1746 quamvis
686 1665 774 1728 uaria
796 1669 892 1744 atquc
916 1663 1043 1744 copiosa
1064 1662 1208 1728 doctrina
1230 1662 1388 1740 instructi,
1418 1662 1449 1727 in
1473 1662 1606 1744 siugulis
1629 1663 1735 1744 poesis
1758 1661 1926 1744 generibus
1950 1681 2062 1728 conse·

246 1764 310 1830 cuti
333 1773 409 1830 sunt
430 1767 566 1833 laudem.
611 1767 750 1846 Quorum
774 1767 805 1831 in
834 1784 966 1831 numero
994 1766 1157 1848 ponendus
1187 1765 1264 1831 mihi
1300 1766 1433 1844 uidetur,
1467 1765 1520 1847 qui
1556 1783 1662 1830 veram
1697 1783 1774 1830 suae
1808 1768 1923 1830 aetatis
1946 1766 2060 1831 reddat

245 1867 424 1948 imaginem,
448 1868 670 1938 Callimachus.
715 1870 774 1947 Qui
798 1889 859 1936 non
883 1869 985 1935 solum
1011 1870 1155 1935 doctrina
1180 1876 1214 1934 et
1236 1885 1315 1949 arte,
1338 1867 1395 1934 sed
1418 1869 1514 1934 etiam
1538 1869 1664 1950 ingenio
1688 1867 1837 1950 aequales
1860 1869 1952 1950 longe
1971 1875 2061 1936 ante-

246 1970 340 2035 cedit.
387 1972 448 2038 Alii
471 1978 580 2038 autern
602 1973 697 2040 aliter
719 1975 758 2038 de
781 1974 958 2040 clarissimo
986 1972 1046 2038 hoc
1070 1973 1321 2037 Ptolomaeorum
1346 1971 1462 2036 aetatis
1494 1971 1560 2038 viro
1587 1972 1740 2038 iudicant.
1786 1971 1953 2037 Praeclara
1988 1992 2061 2038 eum

244 2080 389 2140 ornatum
412 2075 512 2141 luisse
534 2077 712 2142 eruditione
735 2083 832 2161 atque
855 2075 1009 2157 doctrina,
1032 2095 1140 2143 omnes
1164 2079 1248 2142 inter
1270 2094 1305 2140 se
1329 2076 1539 2142 consentiunt.
1585 2075 1675 2154 Quod
1698 2082 1805 2142 tamen
1828 2075 1869 2140 ad
1897 2078 2057 2158 poeticum

244 2177 313 2242 eius
336 2181 452 2245 attinet
473 2181 642 2262 ingenium,
667 2181 721 2248 alii
736 2179 962 2247 Callimachum
985 2183 1130 2246 maximis
1153 2179 1321 2246 efferentes
1344 2178 1492 2244 laudibus
1516 2185 1549 2244 et
1570 2186 1680 2245 amant
1702 2187 1735 2244 ct
1758 2179 1966 2261 admirantur,
2002 2181 2055 2247 alii

242 2281 411 2349 fastidiunt
432 2289 466 2349 et
487 2291 701 2364 contemnunt,
726 2294 761 2352 ut
783 2284 967 2366 CobetuS,³)
992 2303 1061 2350 cum
1085 2285 1176 2350 dicit:
1199 2283 1421 2364 ,Callimachus
1445 2289 1495 2348 est
1509 2281 1586 2347 mihi
1603 2283 1696 2348 homo
1711 2283 1844 2364 puerilis
1867 2289 1900 2348 et
1922 2284 2058 2367 ineptae,

243 2387 351 2470 quiin
375 2387 497 2454 aulicae
522 2388 713 2455 adulationis
741 2389 864 2456 foetore
891 2388 987 2454 animi
1014 2388 1183 2454 sanitatem
1208 2396 1241 2452 et
1264 2389 1415 2476 φρόνημα
1439 2405 1532 2452 omne
1555 2386 1673 2450 amisit.
1720 2385 1807 2452 ldem
1833 2405 1904 2454 oum
1928 2389 2061 2454 immen-

243 2508 312 2554 sum
335 2491 487 2556 librorum
510 2511 601 2557 omne
625 2511 725 2575 genus
748 2513 914 2560 numerum
937 2493 1122 2559 devorasset
1144 2499 1177 2556 et
1206 2492 1251 2556 sie
1279 2491 1415 2558 diffisam
1451 2507 1556 2559 rerum
1591 2488 1879 2555 diversissimarum
1915 2493 2058 2558 notitiam

243 2591 432 2674 collegisset,
457 2597 619 2662 nonsatis
643 2595 754 2661 habuit
776 2597 895 2662 uariam
919 2595 1000 2662 hanc
1022 2603 1056 2662 et
1079 2596 1285 2681 multiplicem
1309 2595 1518 2662 cruditionem
1543 2598 1617 2674 apte
1648 2593 1792 2673 digerere
1826 2601 1860 2659 et
1893 2595 2060 2680 explicare,

243 2697 300 2762 sed
323 2715 360 2761 ex
384 2698 443 2762 hac
464 2696 622 2781 farragine
645 2707 809 2782 poetarum
833 2707 865 2766 et
888 2701 1075 2781 scriptorum
1100 2700 1237 2764 omnium
1262 2705 1403 2765 aetatum
1428 2716 1466 2764 ao
1488 2697 1627 2762 locorum
1651 2697 1813 2762 contexuit
1835 2698 1894 2762 sihi
1919 2699 2059 2780 linguam

241 2800 400 2880 quandam
423 2801 628 2882 artificialem,
652 2821 715 2886 qun
737 2805 877 2870 carmina
900 2811 1054 2884 pangeret
1076 2811 1109 2869 et
1132 2804 1210 2885 ipse,
1234 2822 1271 2868 eo
1295 2801 1496 2884 potissimum
1520 2800 1662 2877 consilio,
1688 2807 1723 2865 ot
1739 2818 1793 2864 eas
1810 2800 1933 2867 dicendi
1952 2804 2058 2884 copias

242 2903 380 2985 undique
402 2906 551 2972 collectas
575 2907 706 2989 suisque
729 2909 830 2990 ipsius
854 2908 991 2972 inventis
1014 2912 1124 2973 auctas
1147 2907 1244 2971 veluti
1270 2905 1444 2988 stragulam
1469 2911 1589 2969 vestem
1624 2923 1682 2968 acu
1705 2905 1823 2986 pictam
1847 2911 1880 2968 et
1902 2905 2058 2971 coloribus

241 3007 386 3072 omnibus
410 3009 602 3090 uariegatam
625 3011 723 3093 Regis
748 3017 781 3076 et
804 3011 978 3076 aulicorum
1009 3018 1042 3074 et
1069 3009 1264 3074 eruditorum
1295 3009 1397 3074 oculis
1427 3009 1602 3089 explicaret
1629 3013 1880 3088 ostentaretque.
1926 3008 2057 3085 Quoties

240 3129 299 3192 ego
321 3111 383 3176 ista
406 3114 608 3196 contemplor,
638 3114 759 3191 dubito,
789 3121 895 3180 utrum
919 3114 996 3192 mihi
1019 3119 1240 3196 argumentum
1263 3110 1414 3178 carminis
1447 3131 1486 3176 an
1516 3111 1626 3192 lingua
1659 3110 1826 3176 absurdior
1859 3111 2058 3195 ineptiorque

240 3214 395 3281 videatur.
441 3213 478 3280 Io
507 3225 696 3298 argumento
727 3216 873 3282 desidero
904 3224 1038 3283 naturae
1068 3220 1248 3283 veritatem:
1284 3217 1416 3281 eandem
1452 3218 1483 3281 in
1518 3214 1625 3280 verbis
1657 3220 1691 3279 et
1725 3214 1869 3279 oratione
1904 3215 2060 3284 desidero.

239 3318 326 3397 Quae
349 3317 560 3386 Callimachus
584 3320 729 3386 versibus
752 3320 913 3400 describit,
939 3339 976 3385 ea
999 3341 1160 3403 nunquam
1184 3321 1351 3402 quisquam
1379 3324 1436 3384 aut
1458 3317 1648 3400 experiendo
1678 3316 1757 3382 uidit
1779 3321 1836 3382 aut
1857 3318 1964 3384 animo
1987 3337 2059 3384 sen-

239 3423 291 3488 sit.
337 3421 441 3488 Verba
464 3432 539 3489 sont
562 3443 648 3507 quae
671 3443 765 3490 aures
789 3422 921 3490 titillant
943 3425 998 3489 sed
1022 3426 1061 3490 ad
1085 3425 1224 3490 animum
1252 3445 1314 3490 non
1339 3423 1539 3505 perveniunt.
1583 3419 1761 3485 Numerosa
1793 3427 1879 3497 sunt,
1914 3422 2058 3488 anditum

238 3526 386 3606 mulcent,
411 3527 467 3592 sed
491 3528 568 3593 nihil
592 3547 630 3593 ex
653 3527 703 3592 his
728 3529 893 3594 descendit
914 3529 945 3594 in
969 3535 1090 3610 pectus.
1134 3529 1371 3610 Neopdorraora
1406 3533 1481 3592 sunt
1514 3544 1596 3609 quae
1630 3543 1746 3606 pueros
1779 3521 1939 3589 oblectant
1972 3543 2055 3590 vana

238 3631 402 3696 mirantes.
446 3629 532 3698 Nihil
556 3631 605 3696 his
630 3632 734 3697 simila
760 3632 826 3697 vita
848 3631 963 3699 habet:
987 3633 1095 3715 itaque
1117 3631 1196 3697 nihil
1219 3632 1331 3698 horum
1356 3633 1424 3697 uiro
1446 3630 1572 3713 placere
1595 3631 1721 3711 potest.t
1767 3625 1867 3702 Quam
1892 3626 1931 3691 de
1955 3626 2051 3692 Calli·

238 3737 349 3800 macho
373 3734 511 3801 Cobetus
534 3736 726 3800 sententiam
753 3738 858 3802 nescio
881 3755 921 3801 an
944 3737 1041 3802 nimio
1064 3754 1121 3801 suo
1144 3735 1282 3800 omnium
1306 3741 1472 3815 poetarum
1496 3733 1783 3799 Alexandrinorum
1808 3729 1919 3794 tulerit
1940 3731 2055 3795 duetus

236 3837 350 3904 taedio.
396 3837 465 3904 Hoc
487 3857 564 3904 sane
586 3838 832 3918 concedendum,
855 3839 988 3921 hymnos
1019 3839 1201 3904 Callimachi
1230 3839 1313 3903 haud
1344 3857 1459 3920 magna
1487 3837 1603 3919 ingenii
1627 3833 1780 3900 excellere
1812 3833 2054 3914 praestantia⁶),

235 3961 339 4025 neque
361 3961 452 4007 raros
474 3943 505 4008 iu
528 3943 567 4008 iis
590 3943 724 4008 inveniri
747 3942 844 4022 lecca,
868 3965 905 4008 ex
929 3946 1044 4024 quihus
1067 3943 1150 4008 haud
1175 3943 1219 4007 ita
1241 3942 1357 4007 bonum
1381 3942 1420 4006 de
1445 3949 1559 4022 poetae
1583 3938 1708 4020 ingenio
1731 3937 1830 4002 iacias
1853 3937 2049 4018 iodicium’).

371 4235 398 4300 3)
427 4237 460 4288 cf.
480 4238 567 4304 Hayn.
586 4237 603 4290 l.
622 4237 641 4290 l.
659 4237 683 4289 I.
703 4253 729 4303 p.
746 4236 792 4292 9³.

370 4325 401 4378 4)
428 4324 461 4375 er.
480 4324 569 4390 Hora.
591 4324 608 4378 l.
626 4325 644 4376 l.
665 4324 686 4375 1.
705 4341 731 4390 p.
749 4323 792 4377 83.

368 4413 398 4468 bl
424 4413 457 4463 ci.
476 4411 650 4476 Mnemosyne
668 4411 704 4464 X.
723 4427 748 4477 p.
768 4409 828 4464 out.
849 4427 888 4477 sq.
1797 4437 1802 4448 ·

370 4499 398 4554 dr
425 4499 454 4550 ci
477 4505 565 4550 tumen
583 4496 653 4564 quod
671 4499 752 4548 Anna
770 4499 854 4550 Fabri
873 4498 906 4548 da
941 4496 1105 4548 Callimacho
1132 4494 1193 4546 tulit
1219 4494 1345 4545 iudicium
1369 4495 1397 4545 in
1423 4493 1587 4560 praefatione
1605 4491 1650 4548 (cf.
1668 4491 1774 4542 Eroeat.
1792 4491 1856 4542 edit.
1873 4505 1899 4555 p.
1918 4487 2006 4546 utar:
2025 4485 2060 4548 ,lo

232 4586 280 4650 (ue.
300 4587 491 4644 Callimachurt
508 4585 608 4650 ubique
627 4584 690 4636 mihi
709 4585 799 4636 divino
819 4585 925 4635 nomino
944 4584 1029 4635 cidari
1053 4597 1157 4648 semper
1176 4584 1251 4632 riuus
1266 4589 1315 4644 eat,
1350 4582 1397 4633 sed
1424 4588 1479 4632 turn
1507 4581 1619 4632 marimo
1646 4594 1704 4628 com
1732 4580 1759 4628 in
1787 4577 1879 4629 laudes
1906 4575 2051 4626 Ptolomaei

231 4674 399 4741 Philadelphi
418 4674 567 4736 dolabitur;
586 4671 612 4722 id
632 4673 702 4723 anim
720 4677 800 4724 tanta
819 4677 875 4722 arto
893 4669 1003 4736 perficit,
1021 4676 1052 4722 ut
1070 4671 1165 4735 quinia,
1189 4669 1233 4734 qui
1252 4668 1300 4719 val
1320 4669 1457 4718 minimum
1475 4669 1503 4718 in
1521 4665 1595 4717 hisee
1613 4667 1709 4730 sapiat,
1727 4662 1827 4730 liquido
1846 4663 1945 4714 deieret
1962 4661 2057 4724 Deum,

231 4779 283 4813 noo
306 4762 448 4820 hominem.
466 4760 558 4828 loqui.‘
586 4759 642 4810 lam
661 4758 780 4810 laudans
799 4759 826 4810 h.
845 4759 872 4808 in
892 4761 988 4809 doram
1007 4773 1051 4807 rr.
1065 4753 1176 4809 el-un.
1195 4761 1222 4806 et
1238 4754 1264 4805 b.
1283 4757 1309 4806 in
1332 4755 1417 4821 Apoll.
1436 4770 1479 4806 rr.
1498 4749 1616 4806 to-uta
1636 4750 1754 4814 ,Nonna‘‚
1773 4751 1866 4816 inquit,
1886 4747 1985 4810 lector,
2002 4745 2058 4796 lan·

231 4849 279 4902 dea
297 4849 364 4901 aliar
383 4849 439 4900 sero
456 4861 548 4899 omnes
566 4848 601 4898 ad
619 4849 686 4898 istas
717 4845 789 4896 dicer
809 4845 989 4895 sordescere?¹

368 4935 395 5000 7)
421 4937 455 4988 ei.
474 4949 529 4996 eoa,
548 4935 575 4984 io
594 4949 659 5000 quoa
679 4931 796 4984 Cobetua
816 4932 833 4982 l.
855 4931 872 4985 l.
891 4931 1026 4982 invehitur
1046 4930 1121 4981 locos
1140 4929 1306 4980 Callimachi
1334 4938 1360 4980 et
1388 4943 1454 4994 quoa
1473 4923 1654 4978 Schneiderus
1678 4923 1786 4986 (Philol.
1806 4922 1863 4973 XX.
1882 4937 1908 4987 p.
1931 4918 1988 4973 itt.
2007 4918 2060 4982 sq)

238 5026 325 5076 minna
348 5031 409 5089 apta
428 5029 519 5074 eontra
539 5021 668 5074 Cobetorn
687 5018 791 5070 videtur
810 5017 968 5069 defendisse.
