4498 5736
1051 415 1092 478 25
1153 503 1201 512 ‘-

166 627 348 696 λανθάνων
371 627 483 712 Ἦραν.
512 623 688 710 ἐπιηνοῦσα
718 621 754 686 δὲ
783 618 801 707 ἡ
830 619 910 697 θεὸς
941 619 1115 704 μετέβαλεν
1151 618 1250 705 αὐτὴν
1283 621 1327 697 εἰς
1360 620 1479 704 ἄρκτον
1512 627 1565 684 καὶ
1598 617 1641 695 οἷς
1673 623 1789 705 θηρίον
1823 620 1984 706 Ἀρτέμιδι

167 735 345 818 προσέταξε
367 732 522 808 τοξεῦσαι.
552 725 633 801 Ζεύς
655 724 691 789 δὲ
714 725 758 800 εἰς
780 723 924 807 οὕρανον
946 722 1046 808 αὐτὴν
1068 721 1240 808 ἀναγαγών
1257 721 1390 808 προῐτην
1410 727 1647 808 κατηστέρισεν.ἲ
1681 723 1729 790 Ab
1753 725 1812 803 his,
1836 726 1890 808 qui
1913 745 1981 792 rem

166 836 261 918 paulo
295 835 453 917 copiosius
487 829 653 907 tractavit,
689 828 809 893 recedit
842 824 1130 908 Apollodorua¹¹⁰y
1176 826 1317 904 Callisto,
1351 826 1472 892 Dianae
1506 827 1651 892 venantis
1685 830 1847 907 comitem,
1882 829 1982 894 tradit

169 942 307 1020 iurasse,
337 942 536 1002 servaturam
559 951 594 997 se
617 949 688 996 esse
711 929 929 1012 integritatem
952 929 1211 1011 pudicitiamque.
1257 929 1363 993 lovem
1388 948 1462 993 vero
1484 929 1512 992 iu
1537 929 1689 1003 Dianam,
1718 929 1850 996 alterius
1873 937 1981 998 autem

167 1041 294 1108 fabulae
316 1039 470 1104 memoria
492 1037 524 1101 in
549 1034 727 1116 Apollinem
751 1039 908 1098 mutatum
933 1033 1058 1115 virgini,
1082 1032 1227 1114 quamvis
1251 1033 1378 1110 invitae,
1402 1034 1618 1115 concubuisse,
1642 1051 1747 1114 quarn,
1772 1040 1807 1098 ut
1830 1033 1982 1100 lunonem

169 1143 305 1220 falleret,
329 1144 361 1206 iu
387 1159 479 1206 ursae
503 1138 680 1220 redegisset
702 1136 847 1202 formam.
891 1135 1044 1202 lunonem
1068 1153 1102 1200 re
1125 1134 1251 1216 cognita
1273 1135 1622 1216 persuasisseDianae,
1646 1142 1681 1200 ut
1697 1135 1830 1204 bestiam
1854 1137 1981 1219 sagittis

169 1246 361 1314 confoderet.
406 1244 496 1322 Esse,
519 1263 538 1307 a
561 1239 794 1324 quihusDiaue
810 1238 988 1304 confodisse
1012 1238 1136 1303 dicatur
1151 1237 1291 1315 Callisto,
1315 1239 1399 1320 quod
1422 1239 1608 1318 pudicitiam
1632 1239 1803 1306 amisisset.
1849 1239 1980 1306 Callisto

170 1347 338 1414 interfecta
361 1346 466 1412 lovem
496 1345 617 1428 pullum
641 1342 746 1408 Maiae
773 1343 943 1407 tradidisse
977 1341 1140 1418 alendum,
1177 1340 1309 1406 Callisto
1342 1343 1373 1404 in
1410 1341 1573 1408 stellarum
1609 1361 1774 1408 numerum
1808 1345 1989 1411 rettulisse·

173 1452 292 1530 Quibus
321 1449 437 1515 fabulis
460 1447 673 1514 Schneiderus
703 1451 739 1509 ut
767 1445 958 1512 scholiastae
980 1444 1104 1510 Callim.
1133 1443 1316 1510 accomodat
1343 1445 1454 1524 verba,
1489 1446 1535 1510 ita
1568 1446 1723 1512 scholium
1750 1446 1981 1512 restituendum

170 1571 240 1618 csse
262 1551 459 1632 suspicatur:
505 1553 570 1635 Τῆς
591 1553 706 1638 πρρίην
728 1547 898 1633 λεγομένης
920 1547 1127 1623 Καλλιστοῦς,
1150 1547 1324 1622 Λυκάονος
1346 1546 1382 1611 δὲ
1404 1548 1577 1632 θυγατρός·
1607 1547 1642 1625 ἐξ
1670 1541 1705 1632 ἧς
1732 1553 1786 1611 καὶ
1808 1547 1899 1625 Διὸς,
1930 1557 1983 1614 καὶ

169 1658 226 1720 τοῦ
240 1660 301 1739 μὲν
310 1652 390 1730 Διὸς
405 1654 662 1739 μεταβληθέντος
684 1652 729 1727 εἰς
739 1650 897 1735 Ἄρτεμιν,
920 1655 973 1736 τῆς
995 1650 1030 1715 δὲ
1053 1653 1097 1725 εἰς
1119 1649 1249 1733 ἄρκτον,
1271 1653 1420 1728 γεννᾶται
1443 1648 1612 1734 σ’Λρκάς,
1631 1649 1705 1737 ἀφ’
1718 1648 1758 1716 οὗ
1773 1650 1805 1716 οἱ
1820 1651 1981 1736 Ἀρκάδες.

170 1759 337 1826 Sententia
360 1759 486 1839 quidem
510 1759 645 1840 optima3
675 1773 748 1820 num
773 1764 880 1820 tamen
903 1775 936 1819 re
960 1773 1034 1820 vera
1057 1753 1242 1833 scholiasta,
1273 1753 1326 1834 qui
1355 1753 1440 1819 haud
1470 1771 1584 1836 magna
1610 1755 1841 1836 interpretandi
1870 1764 1983 1839 poetae

170 1863 297 1930 excellit
317 1863 490 1944 diligentia,
515 1862 559 1926 ita
583 1858 756 1940 scripserit,
779 1857 847 1922 iure
871 1857 1061 1924 dubitemus.

301 1965 367 2030 lam
393 1969 489 2046 poeto
510 1969 573 2036 (ru.
598 1960 765 2038 ‹tt-luy
788 1961 842 2043 qui
859 1959 977 2025 factum
993 1962 1045 2040 sit,
1069 1960 1178 2039 tradit,
1201 1965 1236 2022 ut
1259 1976 1390 2040 campus
1413 1959 1467 2024 ille
1489 1959 1573 2025 haud
1597 1961 1705 2043 procul
1729 1962 1769 2028 ab
1786 1964 1864 2030 urbe
1880 1963 1983 2030 Cnoso

171 2071 252 2135 situs
276 2069 381 2134 dictus
405 2067 448 2132 sit
470 2064 669 2146 Omphalius.
715 2061 794 2128 Cum
825 2064 963 2146 nympha
985 2061 1115 2129 Thenas
1146 2061 1343 2144 reliquisset,
1374 2062 1467 2127 deum
1498 2063 1528 2127 io
1553 2063 1684 2130 idaeum
1712 2064 1817 2132 ferens
1841 2071 1982 2150 autrum,

172 2172 303 2256 puerulo
327 2169 510 2236 umbilicum
528 2167 693 2246 decidisse,
718 2185 926 2250 campumque
942 2169 1030 2234 ilium
1047 2188 1066 2232 a
1082 2165 1262 2248 Cydouibus
1286 2165 1360 2230 iudo
1384 2166 1423 2230 ab
1446 2164 1506 2231 hoc
1528 2171 1670 2246 tempore
1694 2169 1887 2250 appellatum
1912 2191 1983 2238 essa

170 2275 401 2351 umbilicarem,
434 2270 649 2354 Omphaliunr.
694 2270 837 2354 Cydonas
860 2260 922 2351 illi,
956 2273 1010 2355 qui
1034 2270 1148 2336 Cretae
1171 2277 1240 2334 erat
1268 2268 1419 2350 populna,
1455 2270 1517 2333 iem
1541 2269 1680 2336 Homero
1709 2279 1784 2338 sunt
1814 2276 1894 2356 noti,
1930 2276 1984 2358 qui

173 2379 344 2444 lardanum
367 2376 496 2443 fluvium
520 2375 598 2441 dicit
620 2373 779 2456 perfines
802 2393 910 2440 eorsum
933 2375 1032 2442 fluere
1055 2375 1115 2440 Od.
1138 2373 1196 2438 111.
1222 2369 1299 2438 ²91:

633 2475 718 2541 ἔνθα
742 2477 916 2563 διατμήξας
938 2477 995 2555 τὰς
1015 2484 1076 2562 μὲν
1097 2480 1202 2563 Κρήτη
1224 2473 1413 2549 ἐπέλασσεν,

630 2576 681 2666 η’χι
706 2579 853 2658 Κύδωνες
875 2580 986 2648 ἔναιον
1003 2579 1173 2665 Ἰαρδάνου
1196 2577 1283 2664 rippa
1305 2577 1436 2661 ῥέεθρα.

172 2688 334 2769 Cydonum
358 2684 502 2748 meminit
525 2684 622 2747 etiarn
639 2681 698 2748 Od.
721 2682 805 2748 XlX.
832 2684 903 2764 176,
926 2687 979 2752 ubi
995 2687 1121 2751 Cretam
1135 2682 1318 2748 describens
1342 2683 1425 2747 ieter
1447 2679 1564 2744 multos
1586 2680 1709 2745 insulae
1731 2683 1862 2765 populos
1887 2687 1985 2752 etiam

173 2791 316 2873 Cydonas
340 2787 492 2852 nominat.
536 2785 605 2850 Hoc
628 2793 732 2850 tamen
757 2785 940 2854 Callimachi
972 2790 1038 2854 loco
1072 2805 1133 2852 οοο
1165 2787 1204 2852 de
1233 2785 1358 2866 singulo
1392 2783 1527 2866 quodam
1551 2783 1665 2850 Cretae
1698 2787 1813 2867 populo
1839 2788 1987 2866 Κύδωνες

175 2895 237 2960 dici
261 2892 395 2970 videtur,
418 2891 475 2956 sed
498 2891 625 2956 omniuo
648 2888 820 2970 significari
844 2910 918 2957 voce
943 2891 1001 2957 hac
1023 2890 1210 2969 Cretenses,
1233 2897 1270 2953 ut
1292 2889 1388 2951 etiam
1413 2885 1443 2950 h.
1467 2887 1498 2950 in
1523 2885 1614 2952 Dian.
1642 2887 1710 2954 196,
1757 2889 1859 2956 Simili
1883 2892 1985 2959 modo.

174 2996 256 3079 quod
291 2995 321 3060 h.
356 2995 387 3058 iu
411 2993 505 3060 Dian.
528 2993 582 3058 81.
610 3000 643 3058 et
670 2991 763 3074 frgm.
788 2995 862 3060 284.
885 2995 1051 3060 Κοσσίνιον
1078 2991 1177 3072 τόξον
1210 2993 1335 3070 dicitur,
1369 2991 1401 3054 in
1434 2990 1615 3054 uuiversum
1650 2991 1828 3073 significare
1863 2995 1988 3062 videtur

177 3102 328 3184 Κρητικὴν
350 3097 399 3162 vel
422 3097 528 3179 potius
552 3095 667 3162 bonurn
692 3098 834 3179 queraris
859 3104 892 3163 et
914 3098 1034 3166 affabre
1057 3098 1174 3164 factum
1198 3114 1306 3162 arcum
1324 3092 1393 3176 ¹²⁰).

304 3200 431 3282 Optime
454 3200 581 3281 quidem
607 3199 783 3264 Meinehius
807 3198 1000 3269 Callimacho
1028 3202 1170 3268 restituit
1199 3199 1267 3264 ἀπὸ
1297 3203 1442 3282 Κρωσοιο
1473 3201 1618 3281 φέρουσα
1651 3217 1708 3280 pro
1731 3199 1899 3266 librorum:
1933 3201 1988 3265 ἐπὶ

176 3309 331 3369 decocto.
377 3301 466 3378 Quod
490 3310 596 3367 tamea
620 3305 722 3368 locum
746 3304 927 3370 mutilatum
952 3325 1023 3372 esse
1047 3306 1228 3386 suspicatur
1251 3302 1467 3381 excidissequc
1492 3300 1659 3366 nonnullos
1683 3302 1766 3367 inter
1795 3301 1848 3368 m.
1879 3310 1911 3369 et
1935 3301 1987 3369 te.

176 3424 305 3480 versus,
340 3403 455 3485 quihus
479 3403 647 3484 nympham
673 3405 800 3472 Cretam
832 3409 956 3474 venisse
985 3415 1072 3472 esset
1100 3408 1236 3481 dictum,
1272 3424 1332 3469 οοο
1365 3403 1525 3483 probatur.
1571 3403 1640 3469 Non
1670 3407 1753 3470 enim
1783 3417 1852 3472 erat
1874 3416 1989 3488 poetae

178 3511 210 3576 in
234 3509 350 3591 hymno
374 3507 458 3570 lovis
482 3505 592 3571 laudes
617 3509 797 3574 continente
821 3519 982 3591 accurate,
1013 3529 1077 3592 qua
1100 3511 1151 3574 via
1175 3507 1265 3573 Neda
1289 3509 1319 3572 io
1344 3507 1511 3572 Cretaeam
1536 3505 1612 3571 illud
1636 3514 1762 3574 autrum
1787 3509 1986 3588 tetendisset,

178 3611 368 3677 describere.
415 3608 514 3674 lmrno
538 3617 626 3674 totus
649 3610 700 3676 hic
722 3611 810 3676 locus
834 3621 897 3693 (τι.
924 3613 1075 3683 ale-115.)
1105 3619 1242 3694 apoeto
1264 3611 1366 3676 omitti
1389 3617 1516 3691 poterat
1537 3609 1629 3675 nimis
1653 3612 1798 3678 concisae
1821 3611 1987 3679 brevitatis

176 3713 261 3780 haud
289 3713 477 3791 accusando,
511 3713 587 3785 nisi,
612 3731 694 3795 quae
723 3715 762 3780 de
784 3715 953 3797 Omphalio
976 3717 1030 3782 illo
1054 3716 1262 3781 tradebantur
1282 3732 1403 3794 eampo,
1428 3720 1461 3776 ct
1483 3731 1564 3794 quae
1595 3713 1635 3778 ad
1665 3713 1758 3780 deum
1787 3717 1989 3798 pertinebant

177 3819 297 3898 ipsum,
328 3816 476 3882 hocloco
499 3824 575 3898 apte
598 3817 738 3883 inserere
762 3818 924 3885 voluisset.
971 3821 1060 3898 Quod
1086 3832 1120 3883 ut
1142 3819 1275 3896 faceret,
1305 3816 1384 3880 satis
1413 3815 1525 3880 habuit
1555 3817 1637 3882 huuc
1668 3837 1763 3883 unum
1786 3820 1885 3884 totius
1910 3821 1988 3900 viae,

177 3938 239 4002 quo
262 3937 315 3984 res
337 3918 393 3982 illa
416 3921 541 3997 accidit,
565 3938 812 3986 commemorare
836 3923 947 3988 locurn.

309 4021 417 4099 Poeta,
442 4024 495 4104 qui
519 4028 583 4088 tam
606 4024 723 4090 acriter
747 4023 952 4091 Cretensibus
976 4024 1218 4107 Epimenidcum
1241 4021 1335 4086 illud:
1358 4024 1477 4106 Κρῆτες
1499 4018 1551 4083 αέῑ
1573 4024 1713 4107 ψεῦσται
1735 4025 1869 4106 ingessit
1891 4027 1989 4094 Arca·

177 4128 296 4207 desque
310 4123 461 4202 laudauit,
484 4125 568 4206 apud
592 4144 670 4207 quos
694 4126 838 4210 luppiter
861 4134 947 4194 esset
969 4135 1074 4208 natue,
1098 4132 1221 4192 tantum
1246 4142 1322 4190 sane
1338 4124 1536 4188 Cretensium
1561 4122 1687 4190 fabulae
1710 4126 1851 4194 tribuere
1868 4129 1989 4207 debuit,

178 4235 224 4310 ut,
247 4247 339 4311 quem
363 4227 394 4292 iu
420 4227 554 4293 Arcadia
577 4228 658 4293 dixit
680 4249 751 4295 esse
775 4237 901 4310 uatum,
936 4251 1007 4297 eum
1031 4232 1062 4296 in
1086 4230 1181 4295 Creta
1212 4228 1315 4294 insula
1345 4227 1445 4292 altum
1474 4233 1571 4308 atquc
1600 4229 1767 4294 educatum
1793 4232 1990 4299 concederet.

178 4331 336 4396 Puerilem
362 4331 459 4411 igitur
481 4331 573 4396 deum
599 4331 677 4395 dicit
700 4333 730 4396 in
755 4334 851 4400 ldeeo
874 4344 967 4400 antro
991 4331 1180 4413 a-uymphis
1202 4332 1312 4406 altum,
1336 4349 1355 4394 a
1378 4330 1547 4395 Curetibus
1571 4350 1644 4397 vero
1671 4351 1691 4398 a
1713 4333 1842 4400 Saturni
1867 4336 1990 4401 insidiis

179 4436 346 4500 defensum
370 4453 451 4499 esse.
496 4432 653 4498 Saturnus
677 4437 776 4516 enirn,
811 4437 919 4504 atilio
944 4445 1087 4520 ereptum
1119 4435 1180 4500 sibi
1208 4435 1247 4499 iri
1276 4452 1365 4514 regm
1389 4433 1575 4514 imperium,
1613 4438 1849 4516 aparentibus
1873 4441 1992 4505 certior

179 4539 292 4616 factus,
316 4538 484 4619 quominus
509 4537 541 4602 id
564 4535 664 4616 tieret,
689 4543 725 4602 ut
747 4539 926 4621 impediret,
954 4559 1074 4620 omnes,
1100 4558 1180 4622 quos
1203 4539 1389 4619 procreavit,
1413 4536 1495 4602 filios
1519 4538 1702 4604 devorabat.
1743 4540 1803 4605 Pro
1819 4538 1893 4607 love
1916 4559 1991 4607 vero

178 4640 267 4708 Rhea
292 4641 429 4706 Saturno
450 4639 578 4705 dedisse
601 4639 703 4705 fertur·
732 4641 867 4723 lapidem
892 4645 1001 4711 fasciis
1026 4643 1217 4717 inuolutum,
1252 4659 1313 4722 quo
1348 4641 1402 4707 ille
1437 4641 1587 4706 deuorato
1622 4648 1724 4706 tutum
1754 4661 1825 4709 sese
1854 4645 1991 4726 putabet

286 4897 347 4955 1191
373 4898 494 4963 Apollod.
514 4899 632 4952 biblioth.
650 4899 699 4951 111.
720 4899 745 4964 8,
764 4897 789 4952 2.

288 4983 350 5044 120)
378 4985 411 5036 cf.
430 4983 554 5036 Schneid.
574 5001 676 5040 excurre.
695 4987 721 5036 iu
741 4985 812 5051 hym.
831 4985 880 5039 111.
899 5003 922 5052 p.
941 4985 1000 5040 239.
1020 4993 1046 5036 et
1065 4985 1140 5052 frgru.
1160 4981 1219 5037 284.
