4498 5736
1146 403 1186 470 ll

259 617 374 684 Nescio
398 623 514 692 tamen,
539 631 580 677 au
604 613 721 678 rectius
741 611 914 678 conicintur
933 608 1131 695 Ἀπιδανῆες
1161 629 1276 678 nomon
1299 611 1508 692 compositum
1532 627 1602 674 esso
1626 625 1663 672 en
1683 608 1786 674 Ἀπία
1810 619 1869 686 (sc.
1892 613 1956 696 γῆ),
1991 631 2071 692 quae

261 721 497 804 Peloponnesus
520 714 742 797 appellabatur
764 715 804 779 ah
817 715 919 794 Apide
941 731 1026 796 rege,
1050 720 1083 779 et
1106 713 1208 789 δοιός
1230 713 1492 793 (οιίδοε,εἰοοιιε)
1516 711 1683 788 adiectivo,
1706 713 1753 776 ita
1777 720 1811 777 nt
1834 732 1906 780 eam
1923 714 2074 794 Pelopon·

260 825 328 891 nesi
352 829 486 904 partem,
522 837 604 902 quae
626 826 739 900 postea
762 818 934 882 vocabatur
956 818 1108 896 Arcadia,
1143 818 1256 899 priscis
1279 817 1342 882 illis
1367 817 1562 898 temporibus
1586 813 1627 880 ob
1655 834 1759 898 aquae
1785 817 1950 897 penuriam
1975 818 2072 882 nomi-

264 932 371 993 natam
395 942 468 988 osse
491 922 644 988 statueris
662 920 847 1004 Ἀπιδανῆν
868 921 889 987 i.
913 940 940 985 e.
980 917 1103 985 Ἀπίαν
1125 918 1239 1002 δονῆν,
1262 919 1513 999 Peloponnesum
1543 919 1667 993 siccam,
1702 927 1808 984 terrae
1841 927 1948 984 autem
1982 918 2073 984 huius

262 1028 383 1096 incolas
401 1025 599 1104 Ἀπιδανέας
623 1025 671 1090 vel
689 1023 899 1108 Ἀπιδανῆος.
934 1023 1073 1090 Primam
1096 1022 1197 1102 δανός
1219 1023 1365 1088 adiectivi
1389 1019 1555 1104 syllabam,
1585 1039 1667 1102 quae
1691 1029 1742 1086 est
1762 1020 1868 1104 longa,
1892 1025 1923 1087 io
1947 1040 2073 1104 compo-

185 1181 187 1189 ,
262 1133 325 1198 sito
347 1131 400 1197 illo
419 1128 613 1207 Ἀπιδανεύς
635 1129 762 1194 uomine
792 1135 917 1208 poetam
947 1127 1120 1192 contendas
1150 1128 1243 1192 metri
1274 1126 1467 1190 necessitate
1502 1131 1644 1189 coactum
1679 1125 1880 1206 corripuisse.
1924 1125 1973 1190 Ab
2006 1126 2074 1207 ipso

262 1237 400 1316 denique
422 1233 584 1314 Stephano
608 1231 731 1298 dehac
755 1229 940 1296 Callimachi
963 1229 1123 1310 scriptura
1145 1229 1266 1311 aliquid
1290 1229 1433 1294 additum
1462 1226 1561 1292 luisse
1589 1229 1736 1306 conicias,
1772 1229 1856 1310 quod
1890 1234 2002 1310 postea
2034 1229 2075 1292 sit

263 1340 415 1406 omissum
439 1335 479 1400 ab
504 1335 733 1414 Hermolao⁰⁸).
781 1333 871 1411 Quod
895 1333 977 1398 euim
1001 1330 1021 1397 Ι.
1044 1334 1079 1398 l:
1106 1332 1297 1418 ,Δημήτριος
1325 1331 1360 1396 δὲ
1388 1337 1441 1396 καὶ
1470 1330 1622 1413 ποταμὸν
1640 1329 1823 1396 Ἀπιδανὸν
1844 1335 1899 1418 τῆς
1921 1330 2073 1416 Τρωάδος

263 1443 370 1528 φησίν
394 1441 520 1520 legitur,
543 1438 625 1503 hanc
648 1438 688 1503 ob
711 1455 840 1503 causam
862 1438 1139 1519 appositumesse
1160 1437 1313 1501 statueris
1335 1455 1355 1500 a
1377 1433 1550 1515 Stephano,
1585 1441 1620 1498 ut
1642 1435 1837 1510 ostenderet,
1873 1435 1957 1516 quod
1980 1434 2074 1500 Calli-

261 1543 393 1612 machus
411 1539 612 1626 Ἀπιδανῆες
633 1540 822 1622 scripsisset,
845 1541 877 1605 id
901 1541 1108 1608 derivandum
1133 1559 1204 1607 asse
1226 1559 1246 1604 a
1268 1537 1363 1606 fluuio
1386 1536 1441 1603 illo
1465 1536 1597 1602 Troadis
1621 1537 1776 1617 Apidano.
1812 1537 1875 1603 Sed
1898 1539 1938 1602 de
1960 1537 2020 1602 hac
2042 1555 2075 1602 re

263 1647 390 1730 quidem
413 1645 576 1710 hacteuus.

394 1747 463 1812 Iam
486 1765 579 1828 quam
604 1745 836 1828 Stephanus⁶⁹l
859 1745 1063 1812 scholiastam
1092 1745 1178 1810 band
1200 1743 1439 1825 intellegensw)
1462 1744 1563 1824 magis
1587 1742 1648 1808 sibi
1683 1743 1762 1808 dicit
1795 1743 1932 1824 placere,
1966 1742 2074 1808 lectio:

261 1851 387 1932 δνογιοι
409 1859 468 1928 (sc.
487 1847 704 1934 Ἀπιδανῆες),
728 1855 792 1915 tam
821 1848 921 1914 firmis
945 1852 1007 1915 iam
1030 1851 1070 1916 ab
1094 1850 1242 1915 Ernestio
1265 1848 1405 1916 refutata
1426 1853 1476 1913 est
1511 1846 1716 1927 argumentis,
1752 1854 1787 1911 ut
1815 1846 1894 1912 nihil
1926 1846 1991 1912 iera
2014 1847 2075 1910 iam

263 1955 444 2020 addendum
468 1953 624 2018 videatur.
673 1952 791 2018 Mirum
817 1953 924 2034 igitur,
948 1953 1031 2034 quod
1055 1951 1242 2020 Blomfieldo
1272 1971 1334 2018 raon
1363 1957 1413 2017 est
1435 1967 1634 2032 persuasum.
1681 1946 1717 2014 Si
1742 1950 1825 2014 enim
1849 1951 1921 2031 quis
1943 1949 2076 2029 Stepha-

266 2060 353 2124 nium
376 2057 454 2123 illud
478 2055 611 2142 ιδγδνιοι
633 2057 705 2123 idco
727 2057 942 2122 necessarium
964 2063 1065 2138 putet,
1089 2056 1172 2137 quod
1195 2056 1297 2122 lectus
1324 2055 1431 2121 Rheae
1458 2074 1518 2120 nou
1544 2053 1679 2134 ὠγύγιον
1701 2052 1831 2140 λεχιῆον,
1866 2055 1923 2120 sed
1957 2054 2078 2134 simpli·

268 2162 349 2228 citer
371 2161 493 2248 λεχῆον
515 2159 555 2224 ab
580 2159 757 2226 Arcadibus
780 2159 1018 2240 dici-potuerit,
1052 2158 1126 2225 huic
1153 2166 1239 2225 recte
1268 2167 1376 2224 mouet
1398 2158 1575 2224 Meinakius
1597 2158 1823 2222 obvertendnm
1858 2177 1939 2234 esse,
1976 2158 2077 2224 solere

264 2273 375 2348 poetas
398 2266 444 2330 ita
466 2263 621 2346 loqui²¹t;
646 2263 812 2345 nimisque
835 2270 886 2327 est
907 2263 1065 2345 poeticum
1089 2262 1128 2327 da
1152 2269 1238 2328 terra
1261 2262 1333 2341 dini,
1355 2281 1449 2345 qoam
1475 2261 1514 2326 dc
1537 2263 1654 2343 populo
1678 2261 1807 2346 oipoyiqr.
1846 2260 1947 2326 Immo
1970 2269 2078 2325 nostro

264 2369 332 2434 loco
356 2385 486 2450 prorsus
510 2374 597 2432 essct
619 2367 763 2448 ineptum
786 2365 865 2431 illud
889 2365 1018 2447 ιδνδνιοι
1039 2384 1110 2431 cum
1129 2364 1330 2450 Ἀπιδανῆες
1352 2367 1504 2431 iunctum.
1539 2367 1722 2448 Antiquitas
1738 2368 1823 2430 enim
1840 2363 1895 2428 illa
1910 2363 2079 2442 Arcadum,

264 2489 347 2554 quae
369 2468 541 2552 significari
565 2469 690 2534 videtur
712 2468 899 2536 Blomfieldo
923 2466 1052 2550 ιλγύνιοι
1080 2470 1245 2550 adiectivo,
1274 2472 1336 2536 iam
1360 2470 1440 2550 ipso,
1470 2488 1534 2551 quo
1556 2469 1770 2534 Callimachus
1804 2487 1857 2533 cns
1894 2468 2076 2550 appellavit,

264 2574 391 2640 nomine
414 2575 493 2638 satis
516 2572 684 2638 iudicatur.
730 2572 895 2650 Quomodo
930 2586 1037 2640 tamen
1070 2574 1113 2639 sit
1145 2571 1393 2656 intellegendum
1426 2573 1504 2638 illud
1540 2572 1675 2653 ιδνδνιον
1697 2571 1839 2652 λεχώιον,
1865 2572 1968 2636 minus
2004 2583 2077 2654 apte

266 2678 379 2743 docere
401 2676 478 2740 mihi
501 2675 628 2740 videtur
652 2674 832 2755 Ernestius,
864 2677 917 2758 qui
940 2676 1148 2756 Eustathii²²l
1172 2679 1276 2742 vorbis
1300 2681 1393 2744 nixos
1417 2679 1500 2743 id'em
1524 2697 1594 2743 esso
1618 2677 1693 2742 dicit
1716 2686 1811 2758 atque
1834 2675 1960 2754 lectum,
1995 2678 2080 2758 quod

266 2781 398 2860 antiqua
419 2779 504 2843 lama
527 2777 569 2841 sit
593 2781 702 2842 uotum
727 2795 765 2842 ac
787 2779 990 2846 celebratum.
1034 2781 1149 2846 Melius
1184 2781 1261 2846 mihi
1296 2782 1422 2863 quidem
1446 2779 1583 2860 ὠγύγιον
1604 2780 1746 2846 adverbii
1769 2781 1838 2845 loco
1862 2781 2079 2862 accipiendum

265 2883 391 2950 uidetur
413 2882 563 2962 locusque
587 2880 633 2944 ita
655 2881 842 2947 vertendos:
871 2883 974 2949 locum
997 2882 1086 2951 illum
1109 2885 1285 2966 antiquitus
1308 2885 1415 2950 Rheae
1438 2888 1613 2966 puerperae
1636 2883 1799 2966 appellant
1822 2884 1945 2950 lectum.
1991 2883 2081 2962 Quod

270 3005 365 3068 quam
388 2991 462 3067 apte
486 3004 505 3050 a
527 2983 720 3051 Callimacho
748 2986 791 3052 sit
814 2985 943 3066 dictum,
965 2987 1140 3070 intelleget,
1170 2989 1317 3070 quicum
1341 2987 1509 3054 Homerico
1537 2989 1591 3054 illo
1621 2989 1869 3069 comparaverit:
1903 2991 2034 3053 σκδιιδν
2066 2987 2081 3050 ἑ

264 3093 390 3168 γείνατο
413 3089 513 3174 μῆιηρ
537 3088 587 3168 (ll.
612 3087 667 3155 Vl.
690 3091 767 3169 24).

396 3191 475 3257 Cum
497 3191 587 3257 Rhea
598 3189 708 3259 Iovem
732 3196 920 3276 peperisset,
945 3212 1059 3276 aquam
1083 3194 1199 3260 dicitur
1221 3194 1395 3274 quaesisse,
1418 3213 1482 3275 qua
1496 3205 1607 3275 partus
1624 3193 1770 3259 ablueret
1786 3196 1896 3276 sordes
1920 3193 2082 3278 filiumque

267 3298 372 3379 ipsum
406 3296 537 3362 lavaret.
584 3297 627 3360 At
660 3314 776 3378 magua
803 3305 903 3364 totam
927 3299 1094 3363 Arundiam
1118 3315 1155 3362 eo
1179 3305 1321 3378 tempore
1343 3296 1506 3362 lahorasse
1529 3317 1631 3380 aquae
1654 3297 1796 3378 penuria.
1833 3299 1954 3381 ,Neque
1977 3301 2081 3378 eoim',

271 3399 375 3481 iuquit
396 3407 501 3480 poeta,
525 3399 583 3481 pis,
607 3400 723 3480 quihus
746 3407 868 3481 postea,
892 3399 1107 3484 perfluebatur
1129 3399 1242 3481 fluviis,
1265 3417 1442 3483 magnaque
1460 3420 1562 3483 aquae
1577 3403 1669 3483 copia
1692 3404 1751 3467 suh
1773 3401 1840 3466 alta
1856 3402 1977 3468 latebat
1999 3411 2085 3468 terra

272 3506 337 3578 (vv.
363 3503 524 3582 15-27.).
548 3502 586 3567 V.
614 3505 663 3568 15.
688 3503 886 3583 Eldihius⁷⁸p
909 3503 1070 3570 offendens
1092 3505 1123 3568 in
1148 3522 1196 3579 eo,
1231 3506 1313 3586 quod
1337 3505 1426 3570 Rhea
1448 3505 1555 3571 lovem
1579 3504 1678 3572 filiurn
1708 3505 1867 3572 diceretur
1897 3506 2083 3587 deposuisse

268 3622 406 3685 anaguo
428 3606 559 3684 gremio,
584 3606 669 3686 quod
691 3611 723 3671 in
749 3606 841 3673 libris
863 3607 996 3689 legitor:
1030 3607 1179 3689 μεγάλων
1201 3606 1395 3694 δπεδῆκοιο
1417 3605 1549 3674 κόλπον
1571 3609 1763 3676 Callimacho
1793 3627 1854 3674 non
1878 3608 2082 3675 tribuendum

270 3727 340 3773 esse
364 3709 488 3774 censuit
509 3709 668 3790 scribique
697 3710 811 3775 uoluit:
846 3709 931 3776 ἔνθα
955 3713 983 3776 π’
1007 3711 1080 3776 ἐπεὶ
1099 3715 1201 3797 μῆιῆρ
1234 3715 1341 3794 μέγαν
1374 3709 1420 3777 ὧν
1453 3713 1645 3800 arnapam
1681 3712 1821 3778 κόλπον.
1868 3710 1955 3788 Quae
1978 3720 2086 3778 tamen

271 3811 463 3889 coniectura,
487 3829 580 3891 quam
604 3819 691 3878 recte
713 3813 895 3880 Meinehius
918 3815 1143 3881 animadvertit
1166 3817 1217 3880 vix
1239 3833 1332 3895 posse
1354 3815 1440 3895 ferri,
1474 3834 1568 3894 quarn
1593 3817 1635 3881 sit
1657 3815 1789 3894 inutilis,
1813 3815 1965 3896 uidemus,
2000 3817 2026 3881 si
2050 3818 2085 3882 iu

269 3914 414 3992 eundem,
437 3915 490 3995 qui
512 3914 663 3997 μεγάλαν
685 3915 823 3980 κόλποιο
847 3917 1014 4000 scripsisse
1031 3920 1177 4000 traditur,
1198 3919 1388 4001 inquirimus
1405 3917 1642 3998 Callimachum,
1665 3918 1760 4000 paulo
1776 3927 1848 4001 post
1863 3939 1892 3986 v.
1908 3920 1960 3988 30.
1982 3925 2088 4004 μέγαν

270 4124 527 4134 —.-....

393 4277 438 4334 llil
465 4280 499 4329 cf.
518 4279 624 4331 Ernant.
642 4279 660 4332 l.
677 4279 696 4330 l.
715 4297 737 4345 p,
758 4279 776 4333 ll

392 4365 438 4420 tiit
464 4365 498 4416 cf.
518 4365 747 4418 Sabratensis

397 4449 442 4506 tibi
468 4453 503 4505 ci.
520 4447 626 4505 Ernest.
644 4451 663 4503 l.
680 4452 698 4506 l.
716 4469 742 4520 p.
761 4455 787 4508 b.

397 4533 441 4592 tui
461 4539 507 4604 qui
525 4539 552 4590 ol
571 4535 682 4608 ἀρχαῖοι
700 4537 823 4610 Ἀρκάδες
857 4541 977 4592 scribens
995 4540 1080 4592 solum
1097 4537 1248 4603 Apidanum
1266 4553 1363 4590 noman
1382 4540 1516 4606 explicare
1534 4543 1625 4594 voluit.

395 4623 439 4685 il)
467 4625 500 4677 cl.
521 4641 598 4692 quarn
616 4627 768 4680 Meiuekiur
786 4627 895 4680 Pindari
907 4629 983 4694 lrgm.
996 4627 1038 4681 lid.
1052 4627 1129 4679 affert
1140 4626 1241 4678 locum:
1260 4623 1323 4678 ἅντε
1338 4624 1428 4693 βροτοὶ
1440 4626 1530 4679 Δᾶλον
1543 4624 1737 4694 κικλήσκουσιν,
1749 4625 1871 4698 μα’κορις
1882 4630 1912 4684 δι’
1924 4633 2094 4702 τηλέᾳοντον

276 4709 391 4768 κοονέας
404 4707 510 4778 χδὸνος
526 4711 634 4781 ἄστρον,
653 4719 680 4765 at
696 4713 723 4766 h.
743 4716 770 4765 in
789 4715 849 4770 Dal.
870 4714 933 4768 ido:
952 4710 1072 4783 ὥγογίην
1090 4710 1117 4764 δ’
1134 4714 1227 4780 inacta
1244 4709 1327 4765 Κόων
1344 4711 1506 4782 Μεροπιςίδα
1523 4713 1606 4780 νῆσον
1624 4716 1703 4769 ἵκετο.

390 4795 435 4850 72)
462 4799 496 4851 ct.
524 4799 645 4854 Euntath.
674 4799 709 4850 ad
738 4801 851 4870 Dionys.
879 4805 976 4872 Gangr.
1003 4820 1029 4870 p.
1065 4801 1133 4855 alt:
1169 4795 1285 4869 ολγὺγιος
1306 4795 1415 4851 Λάδων·
1436 4797 1559 4874 ιιδγύγιον
1592 4799 1621 4852 δὲ
1647 4801 1718 4870 λέγει
1754 4800 1801 4854 διὰ
1837 4800 1885 4869 τῆν
1916 4801 1979 4873 περὶ
2007 4803 2094 4860 αὐτοῦ

274 4879 479 4954 ἀρχαιολογίαν.

392 4969 438 5031 lt)
465 4972 498 5023 cf.
519 4971 634 5024 Meinek.
653 4972 670 5025 l.
689 4972 706 5024 l.
