4498 5736
1150 343 1191 408 30

259 543 395 623 γελάσας
429 543 563 620 alacer)
597 543 700 608 locum
734 549 877 610 nostrum
902 547 1105 627 explicantes.
1151 547 1263 630 Neque
1295 549 1440 632 denique,
1480 549 1564 631 quod
1599 548 1778 616 Meinekias
1814 550 1845 618 in
1879 551 2076 634 κουρίζοντρς

265 646 376 712 vitium
400 645 504 711 inesse
528 646 708 727 suspicatus
731 647 844 729 corrigi
869 648 950 714 vult:
973 651 1176 731 κνυζείοντος,
1200 651 1362 732 probatur.
1386 650 1437 718 Ex
1459 653 1499 719 iis
1523 653 1617 730 enim,
1640 651 1944 734 quaeSchneiclerus
1961 655 2073 734 attulit,

265 745 416 830 exemplis
447 748 524 812 satis
554 755 702 830 apparel,
736 768 796 814 aaa
827 757 892 816 tarn
921 752 962 817 ad
991 760 1128 821 aetatem
1157 755 1251 836 paulo
1279 755 1342 822 iam
1372 757 1605 838 provectiorem
1628 755 1739 822 reierri
1761 756 1915 841 κουρίζτιν
1936 757 2075 839 verbum,

263 853 352 918 uth.
375 852 407 916 in
431 850 524 916 Dian
547 851 582 917 5:
606 863 684 926 παῖς
706 849 751 915 ἔτι
773 853 962 937 κουρίζουσα
984 857 1064 922 acide
1086 862 1260 942 προσέειπε
1281 862 1394 944 γονῆα,
1413 865 1447 925 ct
1433 859 1530 924 t.'h
1521 878 1553 923 1n
1572 855 1641 922 Del.
1655 857 1733 923 324ε
1757 862 1891 942 παίγνια
1905 861 2078 942 κουρίζοντι

265 961 319 1019 καί
336 953 519 1021 Ἀπόλλωνι
540 955 709 1040 γελοστιίν,
732 975 826 1038 quam
850 959 978 1024 omnino
1005 961 1046 1026 ad
1076 961 1196 1043 primos
1226 961 1379 1030 infantiae
1408 961 1608 1030 referendum
1637 977 1708 1081 esse
1736 980 1847 1030 annos
1890 961 1939 1030 De
1967 964 2076 1030 eodem

262 1059 345 1124 enim
370 1055 445 1125 lova
469 1058 601 1142 puerulo
623 1059 776 1146 κουρίζσιν
797 1061 894 1126 narbo
918 1083 994 1129 usas
1018 1071 1068 1130 cst
1091 1065 1180 1130 Armet
1203 1065 1262 1131 32:

780 1163 860 1239 Διὸς
879 1165 1021 1247 μεγάλου
1043 1168 1142 1252 ἰότητι

523 1265 667 1351 οὐρανὸν
688 1267 908 1352 εἰσανέβησαν,
932 1270 952 1336 ὅ
971 1293 1028 1352 μιν
1049 1274 1119 1337 τότε
1141 1272 1329 1355 κουρίζοντα

521 1373 624 1452 Δίκτῳ
647 1367 683 1436 ἐν
704 1369 820 1435 εὐώδει
843 1422 849 1437 .
874 1423 881 1435 .
907 1419 914 1436 .
940 1421 948 1437 .

268 1575 409 1642 Eandem
434 1574 517 1640 lovis
540 1579 678 1642 aetatem
701 1575 831 1643 Nonnus
854 1580 996 1661 respicit,
1021 1581 1075 1662 qni
1098 1579 1226 1664 Dionys.
1249 1580 1334 1646 xlv.
1357 1581 1408 1646 3².
1433 1577 1545 1644 habet:

520 1681 717 1765 aovpaav'rqv
740 1684 921 1766 Κρονίωνος
945 1733 951 1746 .
977 1731 986 1748 .
1009 1731 1018 1748 .
1040 1680 1125 1762 .¹³²).

391 1783 544 1852 laverna
574 1783 745 1850 Curetibus
780 1785 973 1850 custoditum
1008 1785 1085 1854 dicit
1113 1786 1326 1853 Callimachus
1350 1805 1376 1850 v.
1402 1785 1455 1851 55.
1479 1803 1547 1867 sqq.
1576 1786 1656 1851 hene
1679 1790 1866 1866 maturaque
1899 1785 2077 1866 ingressum

266 1904 337 1950 essa
358 1886 568 1968 pubertatem.
614 1887 680 1953 Nec
704 1887 807 1952 minus
830 1907 924 1969 qaam
948 1908 1078 1971 corpore
1101 1890 1240 1956 valuisse
1263 1889 1357 1954 deum
1386 1889 1527 1971 ingenio,
1558 1888 1648 1954 caius
1682 1886 1879 1969 praestantia
1908 1888 1972 1952 iam
2001 1905 2078 1969 puer

266 1988 351 2054 haud
375 1991 524 2058 cessisset
548 1992 625 2057 viro.
669 1989 747 2055 Inde
767 1988 886 2055 iactum
909 2011 989 2074 esse,
1023 1999 1060 2058 nt
1081 1991 1198 2058 iratres
1220 1992 1304 2070 aius,
1337 2009 1530 2074 quamquam
1553 1991 1690 2057 maiores
1712 1988 1848 2056 luissent
1869 1996 1962 2070 natu,
1993 1991 2077 2056 haud

264 2091 394 2174 indigne
417 2092 551 2175 ferrent,
586 2094 663 2160 caeli
694 2111 766 2158 eura
792 2113 964 2176 occupasse
991 2096 1169 2178 imperium.
1214 2095 1343 2160 Falsum
1372 2113 1445 2159 vero
1473 2112 1556 2174 esse,
1591 2095 1674 2176 quod
1701 2103 1791 2159 vates
1821 2092 1988 2159 sortitione
2011 2091 2077 2156 lori

264 2195 394 2261 tradant
416 2195 569 2280 obtigisse
592 2197 717 2281 Olympi
740 2199 919 2280 imperium.
953 2201 1079 2266 Rationi
1103 2200 1185 2267 enirn
1210 2217 1281 2264 esse
1296 2204 1555 2274 consentaneum,
1580 2215 1619 2262 ea
1633 2198 1770 2278 demum,
1793 2215 1875 2279 qaae
1898 2196 1964 2261 sint
1977 2196 2076 2277 paria,

266 2299 344 2362 sorti
369 2301 536 2381 committi,
569 2320 671 2384 neque
695 2319 749 2378 ea,
783 2303 867 2368 inter
889 2322 972 2384 quae
995 2309 1118 2368 tantum
1151 2303 1193 2366 sit
1221 2301 1405 2382 discrimen,
1440 2305 1593 2382 quantum
1628 2301 1710 2364 inter
1745 2301 1866 2366 caelum
1894 2298 2077 2364 attuleras.

267 2399 385 2467 Iamsi
409 2404 484 2484 quid
508 2403 702 2488 fingendum,
737 2405 783 2470 ait
805 2405 1034 2482 Callimachus,
1069 2412 1155 2471 carte
1186 2424 1268 2488 quae
1302 2407 1425 2489 possint
1458 2405 1601 2486 probari,
1634 2402 1753 2486 fingere
1789 2403 1849 2468 sibi
1881 2403 2077 2471 concedatur.

265 2501 359 2568 Tam:
393 2505 473 2585 ,Non
505 2510 557 2585 te’,
596 2509 719 2590 inquit,
753 2509 924 2592 iuppiter,
960 2517 1065 2574 sortes
1104 2511 1335 2575 constituerunt
1368 2527 1489 2590 regem,
1525 2508 1581 2573 sed
1617 2507 1663 2571 vis
1702 2513 1798 2589 atque
1833 2505 1948 2585 roban,
1995 2525 2076 2587 quae

265 2625 335 2671 eam
359 2606 398 2671 ob
423 2627 489 2674 rem
513 2612 600 2678 iuxta
623 2613 734 2678 solium
760 2621 848 2678 tuum
872 2612 1042 2678 collocasti’
1066 2619 1133 2688 (vv.
1158 2611 1320 2692 aa-mp
1355 2611 1422 2676 Iam
1446 2611 1486 2676 ad
1509 2611 1634 2692 singula
1657 2610 1684 2674 si
1707 2611 1847 2675 animum
1870 2610 2077 2688 advertimus

272 2709 303 2774 in
327 2729 388 2775 uno
411 2711 585 2796 eodemque
608 2735 700 2781 versu
723 2716 775 2781 55.
799 2717 941 2782 videmus
958 2715 1187 2783 Callimachum
1210 2717 1344 2798 primam
1368 2713 1463 2790 καλὸς
1485 2713 1631 2780 adlaetivi
1655 2712 1811 2795 syllabam
1833 2719 1866 2778 et
1888 2713 2076 2794 produxisse

267 2819 300 2877 et
323 2815 523 2897 corripuisse.
549 2817 705 2898 Eadem,
739 2838 821 2901 quae
849 2826 890 2887 ad
913 2824 998 2886 nocis
1021 2821 1117 2886 huius
1147 2819 1288 2901 pertinet
1314 2807 1511 2896 mensuram,
1535 2817 1747 2882 inconstantia
1775 2817 1962 2898 saepissime
1985 2816 2075 2880 nobis

269 2918 406 2983 occurrit
441 2922 525 3001 apud
549 2915 781 2988 Callimachum
798 2927 858 3007 ¹³⁸).
903 2925 992 3000 Quod
1015 2923 1169 2990 Cobetum
1183 2921 1243 3004 ¹¹⁹),
1266 2923 1320 3004 qui
1345 2921 1515 2988 acerrimus
1540 2919 1724 2986 Callimachi
1748 2920 1871 2985 exstitit
1894 2920 2079 3000 castigator,

270 3023 454 3104 commonit,
490 3029 524 3088 ut
553 3025 650 3090 etiarn
681 3026 763 3092 hanc
785 3028 824 3093 ob
849 3046 975 3094 causam
1001 3026 1221 3093 vehementius
1244 3025 1276 3092 in
1300 3023 1528 3090 Callimachum
1556 3024 1701 3090 invectus
1730 3029 1849 3088 temere
1872 3023 2079 3088 contenderet

268 3125 401 3190 miscere
423 3133 566 3208 poetam,
602 3146 684 3209 quae
719 3129 793 3195 olim
824 3151 932 3197 omues
967 3131 1077 3196 sedulo
1106 3131 1326 3196 accrevissent.
1372 3128 1541 3194 Permultis
1571 3133 1676 3192 tamon
1699 3125 1912 3192 Schneiderns
1941 3126 2080 3192 ostendit

268 3227 437 3311 exemplis,
471 3231 555 3311 quod
580 3230 772 3298 Callimacho
801 3234 939 3300 Cohctus
973 3236 1067 3300 vertit
1102 3235 1195 3310 vitio,
1230 3233 1293 3298 iam
1327 3232 1444 3297 dudum
1480 3237 1555 3297 ante
1582 3250 1655 3296 enm
1685 3229 1796 3296 iecisse
1826 3229 1921 3308 alios,
1956 3248 2077 3311 suoque

265 3333 423 3398 arbitratu
446 3343 478 3397 et
499 3343 610 3414 poetas
633 3336 747 3417 lyricos
770 3346 803 3401 ct
826 3338 982 3418 elegiacos
1006 3339 1138 3418 primam
1161 3335 1259 3409 καλός
1280 3337 1365 3401 vocis
1388 3335 1543 3417 syllabam
1560 3335 1653 3400 modo
1676 3333 1821 3414 posuisse
1836 3333 1963 3413 longam
1987 3333 2081 3400 modo

266 3437 403 3503 brevem.
447 3437 558 3519 Neque
581 3439 696 3505 desunt
716 3442 868 3522 exernpla,
893 3461 931 3506 ox
960 3440 1074 3522 quibus
1103 3445 1271 3521 appareat,
1295 3458 1314 3502 a
1342 3440 1442 3520 poetis
1465 3475 1506 3485 —
1530 3438 1614 3519 quod
1644 3438 1798 3518 imprimis
1827 3437 1858 3500 in
1883 3435 2078 3502 Callimacho

266 3549 434 3624 utramque
458 3543 492 3608 in
513 3541 623 3632 eodem
646 3562 740 3608 versu
761 3545 913 3610 miscente
937 3543 1127 3626 prosodiam,
1151 3543 1312 3622 vituperat
1334 3539 1473 3606 Cobetus
1498 3578 1537 3588 -
1561 3540 1645 3606 racis
1668 3540 1762 3605 huius
1786 3559 1966 3608 mensuram
1990 3541 2080 3608 brevi

265 3645 448 3710 intermisso
470 3646 574 3727 spatio
597 3664 668 3711 esse
692 3653 857 3714 mutatam.
894 3655 996 3731 Atque
1019 3649 1122 3730 ipsum
1146 3645 1334 3721 Homerum,
1365 3651 1530 3725 poetarum
1558 3645 1612 3725 qai
1641 3642 1701 3710 luit
1730 3645 1893 3726 princeps,
1923 3645 1953 3710 in
1982 3646 2082 3711 simili

265 3747 489 3814 vocabulorum
513 3769 661 3815 rnensura
683 3751 743 3817 sibi
767 3771 828 3817 non
851 3753 1050 3826 constitisse,
1074 3752 1137 3816 iam
1167 3755 1240 3814 ante
1263 3746 1489 3815 Schneiderum
1514 3746 1752 3822 Meiaekius'⁴⁰)
1775 3749 1906 3813 monuit.
1941 3747 2022 3814 Nam
2045 3751 2081 3816 in

265 3871 328 3918 uno
352 3851 524 3935 eodemque
548 3873 641 3919 versu
657 3851 748 3940 Ἀρεζ
763 3855 859 3937 Ἄρις
879 3855 1076 3940 apocalama,
1100 3851 1250 3928 ὅίω-οίω,
1272 3855 1440 3930 ator-aloa,
1463 3849 1615 3924 τίνα’-δια,
1644 3849 1760 3914 similia
1790 3849 1881 3916 nohis
1910 3859 2084 3918 occumuut

264 3955 376 4020 iisdem
401 3975 511 4022 vocum
533 3957 662 4040 syllabis
685 3965 717 4023 et
740 3959 902 4040 productis
927 3966 959 4023 et
982 3958 1146 4039 correptis.
1180 3957 1244 4020 Sao
1266 3955 1363 4036 igitar
1385 3955 1455 4020 iure
1478 3972 1549 4018 cum
1572 3951 1750 4017 Meinekias
1774 3957 1842 4019 tum
1865 3952 2080 4020 Schneidarus

264 4057 490 4125 Callimachum
515 4067 624 4127 contra
647 4060 800 4127 Cobetum
824 4069 941 4127 temere
964 4063 1025 4127 hoc
1046 4061 1173 4144 quidem
1204 4060 1271 4125 loco
1300 4066 1425 4139 poetam
1459 4058 1691 4138 increpantem,
1726 4055 1942 4120 defenderunt.
1988 4056 2080 4135 Quod

265 4181 341 4228 nero
364 4163 395 4227 in
420 4165 528 4229 eodem
549 4185 643 4231 versu
660 4166 790 4248 legitur:
814 4164 950 4251 ἔτρυφες
962 4167 1103 4247 (passivo
1116 4164 1258 4245 dictum),
1277 4181 1339 4227 aon
1357 4160 1601 4227 abiudicaadum
1621 4181 1692 4226 esse
1704 4159 1895 4226 Callimacho
1910 4161 2006 4226 ctiam
2019 4162 2082 4229 hac

266 4374 483 4382 —n————-·-
492 4375 520 4380 —

375 4525 433 4590 1311)
462 4529 495 4578 ct'.
515 4527 630 4578 Curtius.
666 4526 838 4579 Griachiacha
857 4525 978 4592 Schulgr.
997 4525 1020 4586 §-
1040 4521 1100 4578 4111.
1119 4525 1197 4577 dnm.

369 4609 430 4675 131)
457 4614 491 4667 ei.
521 4617 599 4664 etiam
627 4629 681 4676 aaa,
710 4627 775 4678 qnos
803 4611 981 4664 Schneidarus
1008 4612 1097 4662 attolit
1123 4610 1210 4663 locos:
1228 4610 1296 4662 Non.
1328 4611 1427 4675 Dionys
1464 4609 1559 4660 xavt.
1587 4610 1627 4671 tta
1656 4609 1741 4673 Apoll.
1770 4605 1856 4659 Rbod.
1875 4607 1923 4658 111.
1948 4605 2003 4662 132,
2024 4626 2073 4675 aq.

264 4699 351 4750 Nona.
370 4698 416 4750 IX.
436 4698 477 4753 68.

370 4784 430 4849 138)
458 4788 492 4839 cf.
512 4803 565 4848 eoa,
583 4803 649 4853 quoa
668 4785 845 4838 Schneiderus
863 4789 890 4838 in
910 4800 1011 4840 caonas.
1033 4804 1059 4852 p.
1083 4783 1140 4838 152.
1159 4785 1251 4837 attulit
1269 4785 1349 4836 locos.

375 4871 433 4936 1311)
461 4876 494 4927 cl.
517 4875 608 4926 Cobet.
627 4879 655 4924 in
672 4873 837 4936 Mnemosyn.
855 4873 889 4924 X.
908 4890 932 4936 p.
950 4869 1012 4926 406.

374 4957 433 5023 140)
460 4961 495 5014 ci.
513 4961 630 5015 Meinak.
650 4958 685 5010 ad
703 4958 931 5026 Thaocrit.1dyll.
951 4959 996 5012 vl.
1016 4955 1057 5012 19.
