4498 5736
1140 322 1182 390 28

252 532 332 611 quit,
357 533 478 612 ,poetae
502 527 630 593 Homeri
661 528 905 595 inconstantiam
935 531 1035 596 secuti
1064 537 1152 608 suut,
1187 531 1232 596 ita
1256 528 1468 595 Callimachus
1498 529 1560 594 illis
1590 530 1698 598 turmis
1727 551 1788 596 non
1823 531 1916 598 aliter
1950 531 2070 598 videtur

254 651 331 696 usus
355 650 425 698 esse
449 632 509 698 nisi
534 633 652 696 autad
677 633 856 698 evitandum
881 633 1013 712 hiatum,
1037 635 1102 698 sive
1127 634 1310 698 damnatum
1335 631 1440 711 illum,
1474 632 1540 696 sive
1564 635 1789 714 excusabilem,
1812 641 1869 700 aut
1894 635 1934 699 ad
1957 636 2069 716 produ·

254 735 387 800 cendam
403 735 566 816 syllabam,
590 753 672 816 quae
694 735 788 800 aliter
812 737 914 817 aptari
939 735 1043 801 versui
1066 753 1127 800 non
1152 735 1255 816 potuit
1277 741 1333 799 aut
1355 735 1385 799 in
1411 735 1500 800 initio
1517 738 1637 801 versus’
1657 747 1716 810 (sc.
1732 739 1942 819 praecedente
1965 739 2069 803 littera

253 837 379 906 vocali).
426 837 525 914 Quam
550 835 733 902 Schneideri
756 838 796 902 de
818 837 927 903 formis
950 839 1000 904 his
1024 837 1199 903 doctrinam
1227 845 1311 902 recte
1342 837 1419 903 dicit
1443 837 1618 904 bleinekius
1653 841 1777 922 magnis
1805 840 1970 907 obnoxiam
2001 859 2068 906 esse

251 940 511 1008 dubitationibus.
547 940 746 1021 Comparatis
769 943 855 1006 euim
879 941 918 1007 iis
941 940 1127 1007 Callimachi
1149 941 1236 1019 locis,
1260 939 1375 1022 quibus
1391 939 1515 1005 articuli
1540 959 1617 1007 usus
1633 949 1683 1008 est
1704 944 1815 1009 formis
1837 963 1894 1025 pro
1917 944 2066 1023 relativis

251 1063 322 1111 cum
345 1044 394 1123 iia,
418 1043 532 1125 quibus
557 1044 695 1125 uulgaris
719 1044 844 1108 relativi
867 1045 996 1126 ponitur
1019 1045 1120 1109 lorma
1134 1041 1194 1124 ¹¹²),
1218 1043 1327 1108 eodem
1352 1045 1430 1120 iure,
1454 1062 1517 1126 quo
1540 1043 1753 1110 Schneiderus
1770 1047 1932 1112 contendit
1954 1047 2013 1112 nisi
2028 1045 2066 1111 ad

251 1147 487 1229 producendam
511 1146 664 1228 syllabam
688 1145 914 1212 Callimachum
938 1165 999 1211 non
1025 1164 1115 1210 usum
1141 1163 1211 1210 essa
1235 1145 1344 1210 formis
1376 1145 1518 1211 relativis
1542 1165 1562 1212 a
1584 1170 1602 1209 τ
1624 1146 1861 1228 incipientibus
1891 1151 1983 1215 metri
2006 1154 2068 1216 sta-

252 1258 324 1314 tuas
348 1249 539 1314 necessitate
562 1255 704 1314 eoactum
727 1257 853 1329 poetam
878 1249 1064 1330 vulgares
1087 1249 1270 1314 adhibuisse
1292 1249 1457 1325 formae,
1482 1247 1536 1314 ubi
1560 1249 1691 1332 syllaba,
1716 1251 1820 1316 versui
1840 1257 1876 1316 οι
1894 1259 2067 1333 aptaretur,

252 1353 381 1435 produci
406 1371 467 1417 non
491 1359 627 1433 poterat.
661 1352 802 1427 Accedit,
827 1352 920 1432 quod,
944 1359 980 1416 ut
1002 1352 1218 1417 accommodet
1230 1351 1443 1417 Schneiderus
1466 1370 1529 1432 eoa,
1553 1355 1610 1434 qui
1636 1354 1798 1420 doctrinae
1814 1355 1859 1420 illi
1883 1362 2067 1438 repugnant,

251 1456 335 1522 locos
360 1457 399 1521 ad
423 1455 573 1538 reliquos
597 1455 636 1520 ad
660 1455 856 1521 coniecturas
880 1453 1021 1536 confugit
1041 1473 1173 1533 prorsus
1197 1474 1258 1520 non
1282 1456 1488 1534 necessarius,
1512 1461 1556 1536 ut,
1581 1457 1664 1538 quod
1689 1456 1742 1522 Vl.
1766 1457 1819 1524 50.
1841 1458 1971 1542 legitur:

509 1560 614 1625 παύεο
637 1564 690 1622 καὶ
712 1561 924 1638 θεράποντας
947 1554 1128 1641 ἀπότρεπε,
1151 1559 1247 1642 μήτι
1268 1557 1422 1647 χολεφθῇ

509 1667 627 1728 πότνια
650 1664 820 1746 Δαμάτηρ,
843 1663 900 1736 τοῖς
924 1659 1013 1741 ἱερὸν
1034 1661 1229 1746 ἐκκεροιΐζεις.

253 1767 284 1832 id
307 1766 559 1847 interpunctione
582 1770 705 1830 mutata
727 1765 926 1832 scribendum
950 1781 1021 1828 esse
1044 1771 1168 1830 censet:
1199 1764 1317 1828 ιιόινια
1344 1765 1501 1849 Δαμάτηρ
1526 1784 1533 1798 ·
1556 1767 1609 1842 τᾶς
1632 1813 1639 1828 .
1665 1816 1673 1831 .
1696 1811 1704 1828 .
1730 1773 1765 1831 ut
1790 1769 1847 1842 τᾶς
1868 1767 1910 1834 sit
1940 1768 2067 1834 demon·

249 1871 429 1936 strativum.
474 1869 617 1934 Eandem
640 1867 927 1948 interpunctionem
959 1866 1133 1932 faciendam
1164 1868 1256 1933 doect
1283 1867 1378 1932 etiam
1409 1868 1440 1932 in
1470 1867 1562 1949 lrgm.
1586 1869 1666 1947 232,
1698 1875 1734 1934 ut
1756 1889 1828 1952 pro:
1861 1872 1993 1957 eixntqv,
2015 1876 2067 1958 τῆς

251 1972 348 2038 odora
369 1973 509 2054 legatur:
532 1972 652 2055 εἰκαῖον
680 1973 761 2055 wig
784 1968 888 2034 οὐδέν,
924 1967 1013 2048 Quod
1038 1989 1110 2035 vero
1133 1971 1207 2036 olim
1232 1972 1262 2035 in
1277 1970 1439 2052 Philologo
1464 1971 1518 2036 Vl.
1532 1970 1605 2038 tao.
1628 1971 1721 2055 lrgm.
1740 1971 1809 2040 136.
1833 1975 2064 2040 restituendum

249 2076 389 2158 putavit:
413 2073 511 2140 ἔκλαι’
534 2075 627 2149 ἐτῶν,
650 2071 704 2154 ιιι,
721 2075 806 2139 idad
823 2093 902 2152 earn,
926 2092 1021 2156 quam
1038 2071 1174 2136 vidimus
1191 2091 1345 2154 normam,
1362 2073 1563 2139 scribendum
1581 2073 1686 2140 docet:
1710 2075 1793 2139 aaa
1816 2077 1895 2144 isoio
1907 2097 1913 2112 ·
1926 2081 1990 2142 τῶν
2005 2129 2013 2146 .
2030 2128 2062 2146 ..

250 2184 293 2262 At
315 2179 396 2261 fagit
420 2178 656 2258 Schneiderum‚
680 2179 774 2242 etiam
798 2178 878 2242 alios
907 2175 1041 2241 inveniri
1070 2176 1171 2254 locos,
1205 2176 1268 2257 qui,
1305 2183 1340 2241 ut
1362 2177 1591 2257 responderent
1614 2179 1682 2244 eius
1712 2178 1888 2260 doctrinae,
1923 2181 2062 2247 mutandi

251 2290 352 2364 erant,
376 2282 525 2363 utirgm.
549 2281 776 2362 235.1egtrur:
800 2280 1001 2370 deiparae}
1029 2285 1063 2343 οι
1089 2277 1181 2360 lrgrn.
1205 2297 1349 2360 anonym.
1384 2279 1458 2344 lta:
1493 2284 1589 2364 κήτεα
1619 2285 1813 2367 πεφρίκασι,
1841 2283 1882 2347 ια’
1903 2307 1937 2348 ιι
1958 2288 2066 2370 σφισιν

249 2387 428 2452 ἀντιόωσιν,
474 2384 583 2467 Neque
606 2384 689 2466 quod
714 2385 821 2464 docet,
855 2381 1081 2448 Callimachum
1111 2400 1172 2446 nou
1202 2383 1248 2446 uti
1277 2383 1402 2448 articuli
1431 2382 1540 2448 formis
1570 2403 1626 2464 pro
1661 2387 1803 2451 relativis
1831 2386 1892 2452 uisi
1922 2387 1953 2451 in
1977 2388 2064 2453 initio

250 2509 373 2571 versus,
396 2490 491 2572 idque
514 2487 722 2569 praecedente
747 2489 779 2552 in
802 2484 865 2552 fine
887 2485 1060 2566 superioris
1084 2503 1195 2550 versus
1218 2485 1326 2551 littera
1349 2487 1459 2565 vocali,
1482 2487 1562 2552 bene
1586 2505 1666 2565 sese¹
1680 2487 1786 2556 habet.
1822 2488 1904 2554 Nam
1929 2491 1959 2555 iu
1983 2491 2063 2573 hym.

251 2597 282 2660 in
308 2593 413 2660 Ceret.
437 2592 489 2659 38.
512 2591 721 2672 praecedente
745 2608 882 2654 consona
905 2590 949 2676 aqi
971 2591 1115 2670 sequitur
1138 2609 1166 2656 u.
1190 2589 1241 2655 39.
1265 2608 1321 2671 pro
1345 2585 1383 2676 qi:
1998 2593 2001 2596 '

1024 2693 1132 2774 κῦρον,

509 2801 553 2885 aqi
577 2797 606 2861 δ’
628 2799 695 2862 dno
718 2801 772 2858 ταὶ
795 2799 921 2880 νύμφαι
945 2799 1020 2859 ποτὶ
1041 2794 1176 2859 τῶνδιον
1198 2793 1360 2880 ἑψιόωντο

252 2910 283 2970 et
306 2904 395 2986 frgm.
424 2900 494 2968 118.
517 2919 593 2967 voce
615 2899 837 2974 κατάκλειστος
859 2917 985 2964 versum
1008 2897 1147 2978 finiente,
1171 2899 1224 2980 qui
1249 2899 1392 2980 sequitur
1414 2915 1539 2979 uorsus,
1562 2898 1673 2980 incipit
1695 2919 1714 2963 a
1736 2899 1793 2983 τήν
1815 2898 1917 2966 torma
1938 2921 1995 2984 pro
2018 2905 2066 2989 ἢν.

252 3007 413 3085 Videmus
435 3023 496 3070 nou
520 3007 733 3086 quaerendam
759 3004 789 3066 in
813 3002 1005 3083 usrrrpaudis
1028 3001 1229 3067 relativorum
1253 3001 1362 3067 formis
1385 3005 1504 3067 certam
1527 3001 1628 3081 legem
1643 3000 1727 3082 apud
1740 3000 1977 3086 Callimachum,
2001 3009 2064 3090 qui,

248 3129 329 3194 quae
353 3127 478 3190 quoque
500 3107 567 3172 loco
591 3107 752 3172 videretur
777 3125 847 3172 esse
871 3107 984 3186 aptior,
1007 3124 1044 3170 ea
1067 3124 1144 3170 usus
1166 3124 1237 3170 esse
1260 3104 1420 3186 putandus
1442 3108 1495 3169 est
1516 3102 1627 3183 lomna,
1651 3103 1761 3170 eadem
1785 3123 1848 3186 qua
1870 3108 1925 3173 alii
1948 3109 2008 3174 hac
2032 3110 2064 3176 in

248 3234 283 3280 rc
305 3213 461 3278 fluctuans
485 3212 707 3278 inconstantia.
754 3209 916 3276 Librorum
944 3209 1043 3290 igitur
1065 3209 1236 3289 scriptura:
1261 3205 1389 3282 Ἰιιαιοις
1416 3205 1452 3270 ἓν
1482 3205 1588 3289 ὄρεσσι
1613 3207 1655 3270 ια’
1681 3231 1715 3270 re
1742 3207 1880 3274 κλείουσι
1904 3213 2066 3298 Πάνακρα

225 3316 411 3384 servanda.

377 3418 520 3496 Curetes
543 3416 596 3497 qui
621 3415 727 3480 Iovem
751 3415 917 3497 puerulum
941 3420 1112 3480 narrantur
1135 3422 1258 3481 armata
1281 3413 1347 3488 illa,
1371 3431 1452 3495 quae
1475 3411 1632 3499 πιιῤῥιχη,’
1649 3415 1698 3479 vel
1723 3416 1819 3481 etiam
1837 3415 1952 3500 πρύιις
1974 3437 2066 3485 voca·

248 3523 358 3602 batur,
392 3521 562 3586 saltatione
596 3536 820 3600 armorumque
854 3519 997 3600 strepitu
1018 3538 1037 3582 a
1061 3517 1189 3583 Saturni
1221 3517 1400 3583 defendisse
1432 3514 1573 3592 iusidiiS,
1609 3516 1764 3582 Strabone
1793 3518 1944 3597 testem)
1979 3520 2066 3586 haud

187 3655 189 3660 ·
247 3627 363 3693 diversi
399 3622 592 3706 putabantur
625 3641 696 3686 esse
731 3622 770 3686 ab
796 3620 901 3688 Idaeis
933 3622 1087 3702 Dactylis,
1122 3620 1368 3702 Corybantibus
1404 3618 1538 3684 Cabiris
1584 3617 1673 3696 Quod
1702 3639 1765 3685 non
1794 3629 1844 3686 est
1874 3624 2066 3691 mirandum.

245 3731 334 3796 'Haec
357 3729 440 3794 euim
464 3725 608 3800 numina,
643 3723 768 3788 etiamsi
791 3726 835 3790 sit
858 3726 1042 3803 discrimen,
1077 3743 1138 3806 quo
1170 3726 1253 3790 inter
1276 3721 1497 3802 semilarent,
1532 3720 1595 3788 alia
1618 3724 1657 3788 ad
1683 3725 1815 3790 aliorum
1839 3726 1969 3791 deorum
1993 3747 2067 3793 cum

246 3835 426 3916 pertineant
448 3829 583 3903 cultum,
618 3832 724 3892 tamen
748 3845 786 3892 ea
809 3846 843 3891 re
866 3829 949 3893 inter
972 3846 1007 3892 se
1029 3830 1278 3908 coniunguntur,
1306 3827 1390 3908 quod
1419 3844 1527 3890 omnes
1556 3826 1588 3889 in
1615 3845 1719 3892 eorum
1744 3829 1891 3910 deorum,
1915 3831 1969 3912 qui
1992 3830 2065 3896 dat-

242 3959 339 4020 μονες
361 3933 526 4016 πρόπολοι
547 3932 641 4012 vulgo
664 3929 881 4012 appellantur,
915 3931 1073 3997 referendi
1107 3938 1181 3995 suut
1215 3948 1391 3994 numerum.
1438 3928 1482 3993 Ut
1511 3932 1622 3994 nostro
1652 3929 1720 3996 loco
1743 3930 1888 4013 Iuppiter
1910 3933 2065 4000 Curetum

246 4041 343 4106 armis
372 4037 629 4117 concrepantium
659 4036 798 4100 traditur
826 4035 998 4100 occultatus
1029 4035 1228 4116 salutemque
1257 4040 1369 4098 nactus
1398 4049 1469 4097 esse
1498 4031 1687 4109 saltatione,
1722 4034 1769 4099 ita
1797 4036 1935 4102 eschol.
1958 4037 2065 4118 Apoll.

245 4143 345 4208 Rhod.
369 4141 409 4207 ll.
433 4139 507 4206 528.
552 4138 606 4203 Cei
630 4144 802 4203 narrantur
830 4137 908 4218 μεθ’
939 4135 1051 4201 ὅπλων
1078 4140 1232 4203 orientem
1267 4134 1454 4202 observasse
1482 4127 1612 4200 Sirium.
1656 4135 1814 4202 Videntur
1842 4141 1940 4220 igitur
1961 4141 2066 4206 oredi-

247 4247 332 4311 disse
356 4252 489 4323 veteres,
513 4240 639 4306 delendi
662 4239 721 4305 hoc
743 4257 901 4304 armorum
925 4241 1062 4321 strepitu
1086 4260 1133 4320 ea,
1157 4257 1239 4322 quae
1262 4240 1393 4305 deorum
1410 4239 1540 4303 numina
1556 4239 1763 4323 minarentur,
1786 4240 1943 4327 malaffr).
1977 4243 2067 4310 Eun·

244 4351 316 4416 dem
344 4365 464 4413 morem
488 4343 688 4410 observatum
713 4361 783 4408 esse
807 4341 901 4406 etiam
925 4342 955 4406 iu
979 4343 1073 4408 lunae
1089 4343 1223 4424 defectu,
1238 4341 1346 4406 Liuius
1361 4339 1413 4419 ¹³⁰)
1437 4341 1537 4420 docet,
1561 4342 1614 4422 qui
1639 4343 1824 4424 proelium,
1848 4345 1966 4428 inquit,
1990 4367 2067 4428 ,uon

351 4658 412 4714 1271
441 4659 475 4710 cf.
495 4673 548 4718 eos,
569 4671 646 4722 quos
665 4653 844 4706 Schneiderue
862 4654 889 4702 in
908 4653 995 4728 indico
1014 4669 1107 4704 vocum
1126 4652 1228 4705 Callim.
1249 4669 1270 4705 ι.
1289 4668 1314 4703 v.
1334 4649 1362 4709 ὃς
1378 4651 1456 4704 effert
1473 4653 1556 4705 locos.

355 4744 413 4802 l28)
441 4747 474 4796 ct.
493 4742 598 4793 Strabo.
634 4738 785 4804 Geograph.
803 4755 829 4805 p.
848 4737 907 4792 466.

244 4851 248 4858 ·
352 4829 412 4888 latr
441 4831 475 4882 ol.
494 4828 606 4879 Preller.
643 4825 814 4877 Griochische
832 4825 943 4890 Mythol.
961 4821 994 4877 1³.
1012 4842 1038 4891 p.
1059 4823 1116 4878 tot.

350 4916 408 4976 130)
436 4917 468 4970 ct'.
486 4915 545 4967 btv.
564 4912 659 4966 XXVI.
677 4910 702 4966 5.
722 4918 747 4964 at
764 4911 849 4966 Tacit.
867 4911 965 4965 huual.
983 4912 1005 4964 1.
1023 4910 1066 4964 28.
1084 4913 1140 4963 intr.
