4498 5736
1059 401 1099 462 Ἦ

171 607 267 673 etiam
291 605 379 686 deae,
402 623 483 688 quae
507 622 577 670 cum
603 602 732 678 Nemesi
751 603 817 670 lato
840 625 989 686 praeesse
1012 606 1200 672 credebatur
1225 625 1327 688 neque
1351 608 1484 672 multum
1508 606 1548 672 ab
1572 607 1642 689 ipsa
1666 603 1832 674 differebat
1846 606 1986 676 Nemesi.

173 709 265 776 Unda
286 709 404 776 lactum
427 718 485 790 est,
509 715 544 774 ut
557 707 701 774 Nemesis
724 713 757 770 et
773 707 929 772 Adrastea
952 709 1088 791 apoetis
1113 710 1282 788 nonnullis,
1307 718 1342 775 ut
1364 709 1600 790 aCallimacho,
1625 728 1757 792 prorsus
1781 729 1842 776 non
1866 709 1987 776 discer-

174 818 395 892 retenturas.

300 917 490 982 Adrasteura
516 915 612 998 igitur
634 911 740 976 Iovem
765 911 932 992 puerulum
956 914 987 978 in
1012 915 1116 980 aureis
1140 916 1313 996 repositum
1332 917 1421 982 cunis
1442 916 1655 998 consopivisse
1675 917 1752 982 dicit
1764 913 1988 984 Callimachus.

172 1024 298 1086 Λίκνον
318 1029 425 1086 autem
448 1035 548 1085 cunae
572 1015 764 1082 vocabantur
788 1015 827 1082 ob
850 1035 920 1081 eam
944 1035 1020 1095 rem,
1045 1017 1129 1098 qued
1152 1019 1184 1084 in
1207 1020 1319 1096 vanni,
1343 1019 1427 1100 quod
1452 1019 1577 1085 Cereris
1600 1019 1737 1084 laventis
1760 1026 1829 1084 erat
1851 1019 1986 1102 signum,

174 1122 306 1188 termam
331 1123 432 1206 redigi
456 1121 602 1186 solebant
622 1139 642 1186 a
664 1118 835 1198 veteribus,
859 1121 913 1202 qui
935 1119 1110 1186 infantibus
1130 1122 1174 1186 ibi
1197 1123 1345 1203 repositis
1375 1124 1504 1188 divitias
1527 1141 1564 1186 ae
1592 1121 1700 1203 fruges
1722 1127 1828 1188 terrae
1851 1140 1985 1202 augura·

173 1225 300 1294 bantur.
336 1226 425 1305 Quod
449 1245 466 1290 e
489 1223 679 1292 scholiastae
702 1221 831 1303 colligas
855 1223 969 1304 verbis,
993 1225 1062 1305 qni:
1086 1223 1131 1307 ,dv
1154 1223 1216 1310 γάρ
1243 1225 1382 1302 λίκνοιξ,
1411 1226 1515 1307 inquit
1537 1225 1583 1308 ,ιὸ
1605 1223 1750 1288 παλαιὰν
1771 1225 1988 1306 κατεκοίμιζον

173 1328 213 1391 ιὰ
227 1332 345 1415 βρέφη,
367 1329 513 1395 πλοῦτον
534 1333 587 1392 καὶ
605 1325 749 1410 καρποὺς
766 1326 982 1409 οἰωνιζόμενοι
1005 1378 1012 1391 .
1036 1327 1145 1391 λίκνον
1167 1327 1226 1392 οὖν
1247 1328 1283 1395 ad
1309 1330 1454 1394 κόσκινον
1476 1330 1496 1412 ἢ
1517 1327 1553 1392 cd
1575 1331 1716 1402 κουνλον,
1739 1326 1775 1390 ἐν
1797 1323 1823 1414 qi
1844 1326 1884 1392 τοὶ
1907 1352 1987 1392 παι-

175 1430 229 1497 din
251 1435 409 1498 τιθέασιν.
455 1433 543 1498 Idem
565 1438 703 1497 testatur
725 1429 821 1496 etiam
844 1429 942 1496 schel.
966 1433 1054 1497 Aret.
1083 1429 1163 1498 268:
1192 1431 1300 1497 λίκνον
1331 1432 1366 1496 δὲ
1394 1433 1430 1496 ad
1452 1435 1582 1496 κοννίον
1609 1435 1703 1516 φησι,
1730 1429 1823 1514 παρὰ
1851 1429 1888 1494 ed
1915 1429 1988 1495 λίαν

173 1539 345 1610 κινεῖσθαι,
368 1537 404 1602 ἕν
426 1533 451 1624 ᾧ
473 1534 513 1600 ιὰ
536 1537 636 1621 νήπια
658 1537 870 1598 aurataeque
892 1579 900 1596 .
925 1534 945 1618 ἢ
966 1534 1131 1600 liuverad
1154 1535 1357 1622 λικμριήριόν
1385 1554 1462 1621 φησι
1481 1553 1488 1569 ·
1507 1531 1547 1597 τοὶ
1574 1531 1635 1618 γὰρ
1663 1536 1769 1620 βρέφη
1797 1533 1833 1596 τὸ
1856 1539 1986 1618 πρῶτον

173 1640 356 1721 γεννώμενα
368 1639 405 1706 ἐν
415 1643 458 1727 τῷ
470 1639 657 1724 λικμηιηρλῳ
674 1637 826 1702 ἐτίθεσαν
835 1639 879 1714 εἰς
891 1636 1054 1720 σύμβολον
1071 1637 1245 1723 εὖοροφίας
1256 1689 1264 1706 .
1277 1641 1446 1725 Δήμητρος
1460 1636 1521 1720 γὰρ
1539 1638 1667 1719 καρποῦ
1684 1633 1719 1700 τὸ
1741 1635 1907 1719 ἐργαλεῖον
1923 1637 1986 1714 Ψ).

176 1742 212 1806 ln
236 1743 324 1808 cunis
359 1744 471 1824 igitur,
511 1743 627 1826 quibus
663 1744 756 1807 vanui
791 1751 860 1807 erat
894 1742 1008 1822 lernae,
1042 1743 1096 1822 qui
1135 1743 1371 1822 reponebantur
1399 1742 1546 1821 inientes
1581 1740 1613 1806 in
1646 1739 1770 1806 Cereris
1805 1740 1901 1818 deae,
1936 1741 1987 1807 cui

176 1864 298 1910 vannus
320 1853 391 1912 erat
413 1865 513 1926 saera,
536 1845 733 1928 putabantur
754 1865 824 1911 esse
849 1845 952 1911 tutela
974 1855 1007 1910 et
1029 1843 1101 1910 fide.
1135 1844 1211 1927 Ipsa
1234 1847 1317 1911 enim
1341 1864 1412 1912 eum
1440 1842 1661 1929 κουροτρόφος
1684 1843 1853 1914 coleretur.
1879 1844 1986 1910 erede·

175 1949 268 2014 batur
291 1950 374 2014 inter
398 1949 540 2016 homines
567 1956 693 2015 versata
715 1950 887 2014 nutrivisse
910 1957 1006 2031 atque
1030 1948 1185 2014 educasse
1208 1950 1283 2015 olim
1308 1967 1419 2030 regum
1449 1948 1541 2028 filios,
1566 1956 1602 2012 ut
1623 1946 1860 2029 Triptolemum.
1896 1944 1986 2024 Quod

173 2070 247 2116 vero
270 2051 311 2116 ad
333 2050 442 2116 λίκνον
465 2052 549 2118 vocis
572 2053 688 2118 attinet
710 2052 911 2133 scripturam,
935 2071 1007 2132 nen,
1031 2072 1112 2134 quae
1136 2054 1221 2135 apud
1240 2053 1463 2135 grammaticos
1487 2051 1556 2133 (qui
1580 2056 1687 2117 tamen
1711 2057 1877 2132 utramque
1902 2050 1985 2117 vocis

173 2154 266 2220 hvvius
290 2163 322 2220 et
343 2154 469 2220 λεϊκναν
491 2165 524 2222 et
545 2156 653 2220 λίκνον
675 2165 851 2238 agnoscunt
874 2155 1022 2237 formam)
1046 2155 1136 2222 nobis
1159 2160 1305 2237 occurrit,
1329 2155 1454 2220 λετκναν
1477 2155 1609 2222 formam
1627 2151 1821 2222 Callimacho
1844 2151 1987 2218 tribuen-

173 2259 246 2323 dam
270 2277 427 2340 censeam,
451 2260 508 2325 sed
531 2279 613 2342 quae
637 2261 729 2342 vulgo
752 2260 836 2341 apud
860 2260 1030 2340 scriptores
1054 2261 1172 2341 scripta
1195 2261 1371 2326 invenitur:
1403 2259 1526 2337 λίκνον,
1551 2265 1587 2323 ut
1609 2258 1690 2340 bym.
1716 2255 1806 2322 Hom.
1832 2255 1864 2318 iu
1889 2254 1985 2322 Mera.

172 2364 223 2442 2¹,
248 2360 301 2438 63,
328 2361 399 2437 150,
424 2363 498 2440 251,
522 2363 597 2444 290,
622 2365 695 2429 353.
712 2360 773 2442 ¹²⁵),
797 2363 914 2445 quippe
937 2363 990 2443 qui
1013 2368 1046 2429 et
1068 2363 1137 2443 ipse
1159 2363 1191 2428 in
1215 2363 1297 2444 hym.
1323 2364 1356 2428 in
1379 2363 1485 2428 Cerer.
1509 2365 1578 2428 127.
1602 2379 1724 2426 summo
1747 2357 1889 2426 codicem
1912 2352 1985 2426 eori-

173 2484 271 2530 seusu
293 2465 410 2531 habeat
432 2465 540 2531 λίκνον
563 2475 595 2532 et
617 2465 818 2552 λικνοφόρος.
855 2467 922 2532 Hoc
944 2467 1046 2530 solum
1069 2465 1311 2532 curnMeiuetio
1334 2485 1372 2531 ex
1395 2485 1443 2546 ea,
1467 2485 1548 2548 quae
1571 2462 1822 2546 agrammaticis
1838 2459 1985 2546 traditur,

171 2568 296 2633 λσινον
317 2571 419 2636 forma
442 2571 636 2649 coniecerim,
660 2571 794 2651 primam
818 2569 911 2634 huius
932 2570 1073 2635 vocabuli
1097 2569 1250 2652 syllabam
1270 2567 1408 2636 Graecos
1431 2570 1609 2650 porrexisse
1631 2566 1861 2648 genuinamque
1884 2567 1986 2647 scrip-

172 2680 276 2738 turam
299 2672 399 2738 fuisse
421 2671 541 2750 λῑιινον,
565 2675 752 2754 praesertim
775 2691 844 2738 curu
880 2673 984 2738 nullus
1008 2672 1167 2738 Meinehio
1190 2679 1271 2737 teste
1295 2672 1476 2737 inveniatur
1498 2673 1602 2750 locus,
1635 2670 1667 2734 in
1697 2688 1760 2752 quo
1790 2666 1899 2732 λίκνον
1921 2671 1985 2750 pri·

172 2794 255 2842 mam
279 2775 432 2860 syllabam
456 2778 615 2858 corripiat.
651 2777 761 2859 Neque
784 2778 881 2857 igitur
898 2775 1124 2842 Callimachum
1149 2777 1298 2843 hocloco
1322 2795 1392 2840 eum
1416 2775 1607 2841 Schneidero
1623 2773 1839 2838 contenderim
1861 2771 1986 2837 λσκνον

169 2881 345 2962 scripsisse,
368 2881 425 2946 sed
447 2879 565 2944 λῖκνον.

300 2983 489 3050 Amaltheae
511 3001 625 3063 caprae
648 2983 779 3062 pinguia
803 2981 919 3048 dicitur
943 2982 1086 3064 luppiter
1109 2984 1236 3050 duxisse
1261 2983 1358 3048 ubera
1382 2982 1527 3064 dulcique
1551 3001 1646 3064 apum
1662 2979 1829 3044 ldaearum
1846 2978 1985 3044 nutritus

172 3107 242 3152 esse
266 3087 368 3154 melle.
414 3088 502 3166 Quae
525 3107 599 3152 vero
622 3109 642 3151 a
665 3085 859 3152 Callimacho
882 3085 941 3150 hoc
964 3086 1031 3152 loco
1060 3087 1159 3152 luisse
1189 3089 1325 3154 traditur
1348 3086 1516 3150 Amalthea
1538 3103 1643 3166 capra,
1667 3099 1748 3164 quae
1772 3079 1878 3146 levem
1902 3083 1984 3147 lacte

108 3239 113 3246 .
172 3186 313 3269 aluisset,
336 3199 377 3270 et,
401 3212 482 3274 quae
506 3190 599 3256 melle
623 3209 694 3254 eum
718 3191 936 3268 nutrivissem,
960 3207 1046 3270 apes,
1072 3209 1126 3256 eas
1150 3191 1225 3257 alibi
1248 3192 1383 3272 legimns
1407 3190 1532 3255 habitas
1555 3207 1625 3254 esse
1650 3186 1819 3268 nymphea,
1843 3184 1985 3250 Melissei

178 3293 358 3373 cuiusdam,
393 3295 591 3360 Cretensium
626 3295 726 3373 regis,
762 3291 864 3367 lilius,
900 3313 1034 3374 quarum
1070 3293 1162 3358 alteri
1193 3294 1396 3368 Amaltheae,
1421 3291 1513 3358 alteri
1543 3289 1692 3356 Melissae
1719 3287 1833 3354 luisset
1860 3307 1984 3354 nomen.

172 3395 335 3462 Nutricem
348 3415 448 3478 srvnrn,
464 3398 661 3464 amaltheam
674 3415 814 3476 capram,
826 3395 970 3476 luppiter
983 3396 1169 3479 tradebatur
1182 3399 1211 3462 in
1226 3397 1313 3464 caelo
1325 3396 1496 3462 collocasse
1513 3392 1571 3469 ¹²⁸).
1609 3394 1779 3471 Quaeritur
1792 3393 1865 3471 iam,
1877 3400 1983 3458 utrum

172 3501 257 3582 quod
280 3502 311 3566 in
334 3501 423 3566 libris
447 3521 475 3567 v.
498 3502 554 3566 51:
578 3501 685 3582 ὄρεσσι
705 3503 746 3564 ια’
769 3523 802 3564 ιε
823 3499 960 3562 κλαίουσι
982 3501 1142 3584 Πάνακρα
1166 3501 1293 3581 legitur,
1318 3504 1361 3564 sit
1376 3499 1632 3578 Callimachenm,
1656 3516 1695 3561 an
1720 3515 1757 3562 cx
1780 3494 1889 3576 Steph.
1908 3494 1983 3578 Byz.
2034 3516 2037 3524 ·

169 3604 402 3670 restituendum
426 3607 468 3669 sit
491 3611 619 3684 poetae:
642 3603 750 3686 ὄρεσσι
772 3603 826 3665 ἄιε
849 3602 985 3666 κλείουσι
1007 3615 1065 3668 cet.
1103 3604 1410 3686 htqueSchueidero
1434 3609 1527 3682 teste,
1552 3601 1615 3684 qui,
1640 3611 1675 3666 ut
1697 3618 1763 3665 rem
1788 3598 1982 3678 decerneret,

169 3708 200 3770 in
225 3707 363 3789 reliquos
387 3709 550 3790 inquisivit
573 3717 683 3786 peems
708 3706 858 3784 Graecos,
884 3705 1039 3771 llemerns
1063 3707 1267 3772 relativorum
1291 3708 1407 3786 lormis,
1431 3726 1512 3788 quae
1537 3727 1556 3772 a
1577 3731 1593 3768 ι
1618 3704 1780 3785 incipiunt,
1805 3701 1982 3773 (addendae

171 3811 264 3873 etiam
289 3811 610 3876 demonstrativorum
634 3811 752 3874 termae
776 3813 825 3873 ιολ
847 3817 880 3873 et
902 3813 967 3880 ταί)
995 3827 1069 3874 usus
1093 3829 1154 3875 nen
1184 3811 1374 3877 observabat
1397 3823 1515 3876 certam
1539 3810 1657 3890 legem,
1682 3807 1887 3886 videmusque
1911 3824 1983 3870 eum

171 3912 230 3977 hac
251 3913 284 3976 iu
307 3933 341 3978 re
364 3931 487 3979 summa
511 3933 601 3979 usum
626 3933 697 3978 esse
720 3913 941 3978 inconstantia.
990 3911 1078 3988 Quod
1103 3912 1313 3979 Schneiderus
1347 3913 1439 3978 ducet
1467 3913 1580 3978 cadere
1611 3911 1706 3976 etiarn
1736 3911 1766 3974 in
1791 3909 1983 3974 recentiores

170 4021 292 4097 pectas,
316 4023 352 4081 ut
374 4015 583 4096 Theocritum,
607 4016 782 4092 Moschum,
808 4015 1008 4097 Apollonium
1031 4016 1200 4095 Rhodium,
1225 4016 1428 4095 Nicandrum,
1451 4017 1540 4082 alios.
1576 4014 1682 4082 Facile
1705 4013 1779 4080 hine
1801 4011 1983 4092 concludas,

171 4136 274 4200 neque
298 4119 525 4185 Callimachum
547 4123 579 4186 iu
602 4123 774 4187 foratarum
798 4119 909 4184 harum
936 4139 993 4184 usu
1017 4127 1134 4187 certam
1163 4127 1307 4187 secutum
1331 4139 1401 4185 esse
1425 4120 1542 4202 legem,
1579 4115 1645 4194 sed,
1669 4135 1752 4198 qnae
1774 4116 1834 4197 ipsi
1858 4133 1983 4197 quoque

169 4221 237 4287 loeo
271 4221 433 4288 videretur
465 4225 583 4304 aptior,
617 4242 687 4288 eam
722 4241 895 4304 usurpasse
924 4221 1066 4290 sormam.
1111 4225 1216 4307 Negat
1243 4236 1348 4288 tamen
1372 4221 1599 4294 Schneiderus,
1635 4219 1688 4302 qui
1711 4225 1756 4301 ,ut
1777 4217 1912 4300 reliqui',
1936 4217 1984 4282 in·

168 4469 424 4478 ψ...-

273 4619 333 4674 latr
353 4622 385 4672 el.
415 4621 495 4672 schol.
521 4617 607 4684 Apoll.
633 4619 716 4671 lihod.
740 4621 832 4688 Argon
864 4621 883 4673 1.
907 4619 979 4683 llld,
1008 4623 1062 4687 qui,
1091 4638 1167 4688 quem
1195 4621 1374 4674 Callimachus
1403 4635 1462 4670 cum
1492 4618 1631 4684 Apollonio
1659 4619 1686 4667 in
1715 4617 1813 4666 llecale
1832 4613 1982 4666 Adrasteus

167 4708 328 4774 appellasset
346 4723 477 4773 campum,
494 4721 554 4756 aum
572 4706 599 4756 in
614 4701 808 4777 Ὑπομνήμασι
827 4713 938 4759 testatur
957 4708 1055 4760 dixisse
1073 4709 1225 4762 Nemeseos.

273 4793 331 4857 lat)
360 4794 389 4845 cf
416 4795 495 4845 etiarn
514 4793 602 4858 Etym.
619 4792 689 4858 Mag.
711 4813 733 4848 s.
751 4811 776 4845 v.
794 4793 911 4846 lazaros.

273 4879 331 4941 aaa)
363 4881 395 4934 a.
414 4866 530 4934 aaronis.
558 4881 648 4933 asara.
667 4879 792 4947 Sopho-l.
811 4881 844 4932 11.
865 4899 889 4947 ρ.
907 4879 951 4934 au.

270 4965 329 5030 lNi)
357 4967 397 5022 cl.
416 4968 551 5020 Ezechiel.
571 4967 669 5034 Spunh.
689 4970 889 5021 observationes
910 4969 937 5020 in
956 4969 1046 5020 lovem
1065 4983 1091 5032 p.
1110 4963 1153 5019 la.
1174 4973 1200 5018 st
1222 4962 1344 5033 Bottiger.
1383 4957 1667 5026 amalsuentham.
1711 5025 1749 5082 A*
