4504 5784
1151 441 1173 508 A

255 651 357 718 Paris.
381 655 413 716 at
436 648 572 716 Vindob.
600 648 753 715 librorum
783 654 933 731 excerpta
954 649 1067 715 habuit
1089 649 1184 728 nihil;
1218 649 1362 731 plurimis
1397 657 1503 716 tamen
1539 647 1767 716 Callimachum
1799 643 1947 712 liberavit
1981 648 2066 714 vitiis

253 755 404 838 deditque
428 753 517 821 nobis
551 759 678 835 poetam
712 753 820 834 talem,
853 753 957 836 qualis
990 753 1059 818 dari
1093 753 1239 821 debebat.
1284 756 1344 834 Qui
1374 761 1447 838 post
1470 752 1664 820 Meinehium
1696 747 1930 830 ,Callimachaa‘
1952 751 2063 829 edidit,

255 857 331 924 Otto
346 856 567 938 Schneiderus,
590 863 623 922 at
645 857 696 923 cui
718 875 795 922 sane
817 856 903 922 haud
925 855 1082 922 inutiliter
1104 856 1228 923 cirilla
1251 859 1535 926 excellentissimus
1551 851 1781 922 existimandus
1797 857 1848 918 est
1862 853 2065 938 praelusisse,

252 975 328 1030 num
351 962 446 1027 etiam
470 961 571 1041 magis
592 962 746 1026 meruerit
768 960 808 1026 de
823 959 1017 1026 Callimacho
1033 960 1230 1026 emendando
1252 979 1347 1044 quarn
1363 961 1551 1038 Meiuekius,
1575 957 1659 1022 baud
1682 955 1829 1038 equidem
1856 957 2075 1026 diiudicarimr

253 1064 341 1141 Quae
363 1069 470 1129 tamen
493 1081 513 1128 a
536 1061 695 1129 Mainehio
718 1065 836 1128 omissa
859 1069 935 1128 sunt
949 1061 1132 1128 Callimachi
1156 1061 1343 1147 fragmenta,
1366 1071 1439 1146 post
1455 1060 1591 1130 Bentleii
1607 1067 1751 1141 tempora
1767 1077 1806 1124 ex
1821 1059 1923 1126 omnis
1939 1063 2064 1142 generis

252 1167 461 1248 scriptoribus
495 1173 599 1244 aucta,
633 1164 844 1234 Schneiderus
878 1177 958 1233 novo
992 1167 1149 1248 disposuit
1182 1167 1301 1250 ordine,
1335 1176 1484 1251 corrupta
1505 1164 1694 1242 emendarit,
1728 1163 1845 1228 obsura
1874 1165 2066 1246 explanavit.

253 1267 464 1335 Schneiderus
486 1285 613 1351 quoque
635 1269 765 1351 primus,
787 1271 849 1352 cui,
873 1269 957 1352 quod
980 1269 1096 1335 nemini
1120 1275 1193 1335 aute
1217 1289 1288 1337 eum
1312 1272 1455 1356 contigit,
1480 1269 1644 1336 duodecim
1667 1267 1809 1334 codicum
1827 1269 2065 1336 accuratissime

252 1373 436 1439 collatorum
461 1374 568 1440 ranae
590 1373 741 1438 lectiones
764 1373 805 1438 ad
829 1391 941 1438 manus
964 1379 1066 1448 erant,
1081 1373 1115 1443 'V
1145 1375 1294 1450 ostendit,
1324 1374 1520 1458 singulorum
1544 1373 1687 1440 codicum
1711 1389 1793 1453 quae
1816 1371 1899 1437 inter
1921 1391 1956 1438 se
1979 1380 2066 1440 esset

252 1477 334 1542 ratio
356 1493 553 1558 quorumque
575 1475 712 1542 maxima
734 1477 919 1541 auctoritas.
956 1476 1023 1542 inm
1046 1475 1223 1543 Meiuekius
1246 1477 1375 1561 quidem
1398 1481 1596 1543 constantem
1619 1481 1652 1543 et
1673 1479 1861 1558 perpetuum
1885 1476 1918 1540 iu
1940 1476 2064 1543 lacunis

252 1579 455 1662 locorumque
478 1579 572 1660 paulo
600 1582 728 1661 grauius
752 1579 934 1646 affectorum
958 1582 1117 1662 scriptura
1140 1601 1327 1648 consensum
1356 1581 1469 1646 docere
1498 1579 1732 1658 animadvertit,
1765 1595 1874 1644 omnes
1907 1587 2065 1664 quotquot

253 1688 362 1747 esseut
384 1680 570 1748 Callimachi
594 1683 718 1748 codices
741 1702 780 1748 ex
802 1703 865 1750 uuo
888 1685 1062 1766 eodemque
1086 1683 1214 1750 duruisse
1237 1686 1329 1752 libro.
1363 1684 1474 1766 Neque
1497 1693 1613 1762 tamen,
1636 1699 1717 1764 quae
1740 1681 1812 1748 libri
1834 1682 1928 1748 huius
1951 1684 2066 1752 luisset

252 1787 334 1851 ratio
357 1791 452 1868 atque
475 1785 627 1864 condicio,
649 1786 710 1868 ipsi
733 1788 908 1853 constabat.
954 1786 1001 1854 Ne
1024 1787 1055 1854 id
1079 1788 1205 1870 quidem
1229 1797 1315 1858 certo
1338 1789 1502 1854 diiudicari
1528 1803 1621 1868 possa
1648 1785 1751 1864 docet,
1779 1786 1905 1853 idemne
1936 1791 1978 1854 sit
2014 1791 2066 1858 hic

251 1888 334 1954 liber
355 1907 395 1954 au
419 1887 562 1954 diversus
585 1888 625 1954 ab
648 1908 695 1968 eo,
718 1909 756 1954 ex
779 1908 842 1973 quo
866 1891 1012 1957 baccaris
1036 1891 1262 1960 Callimachum
1286 1893 1406 1976 primus
1429 1891 1539 1957 edidit.
1586 1889 1711 1955 Primus
1735 1888 1832 1971 igitur
1854 1889 2065 1960 Schneiderus

253 1991 378 2058 collatis
401 1991 485 2056 inter
506 2010 550 2071 so,
574 1991 628 2074 qui
652 1991 711 2074 ipsi
735 1993 776 2058 ad
800 2012 927 2060 manum
948 2003 1049 2074 arant,
1065 1994 1248 2062 Callimachi
1265 1994 1355 2062 libris
1371 2011 1467 2059 manu
1483 1992 1610 2073 scriptis
1635 1992 1723 2072 vidit,
1738 1992 1780 2056 in
1803 1992 1865 2058 duo
1889 2013 1943 2059 eos
1966 1995 2064 2062 dividi

252 2113 378 2178 genera.
413 2093 504 2160 Unda
527 2095 663 2178 collegit,
686 2095 727 2162 ad
751 2097 829 2162 duos
850 2098 920 2164 iilos
943 2097 1041 2163 libros
1063 2098 1245 2165 referendos
1269 2117 1339 2164 esse
1362 2097 1476 2176 tontes,
1500 2094 1635 2161 eundem
1657 2095 1713 2178 qui
1728 2093 1883 2162 haberent
1899 2097 2064 2178 originem.

252 2197 332 2264 Cam
359 2205 465 2264 autem
493 2217 555 2264 nou
584 2199 669 2264 solus
695 2201 827 2265 loannes
852 2201 991 2282 Aurispa
1018 2201 1203 2284 hymnorum
1226 2200 1411 2268 Callimachi
1444 2198 1566 2282 copiam
1600 2197 1716 2265 iecisse
1750 2201 1931 2266 traderetur
1964 2203 2065 2269 doctis

251 2301 351 2382 Italis,
385 2303 442 2369 sed
474 2303 570 2370 etiam
600 2304 800 2370 Franciscum
823 2304 1032 2386 Philelphum‚
1066 2307 1120 2388 qui
1144 2306 1254 2372 eodem
1276 2305 1343 2372 lere
1365 2311 1460 2388 atque
1485 2303 1622 2383 Anrispa
1643 2307 1786 2385 tempore
1810 2311 1956 2371 uersatus
1980 2312 2067 2372 esset

252 2403 535 2488 Constantinopoli,
568 2407 652 2473 iuter
681 2408 761 2473 aiios
785 2407 925 2473 Graecos
948 2407 1046 2473 libros
1070 2415 1230 2474 constaret
1252 2409 1348 2474 etiarn
1371 2406 1555 2473 Callimachi
1578 2424 1687 2473 secum
1711 2407 1742 2472 iu
1765 2405 1894 2474 Italiam
1918 2409 2065 2475 attulisse

251 2509 395 2591 hymnos,
429 2508 469 2574 ab
500 2517 635 2594 utroque
658 2511 802 2592 eundem,
835 2512 889 2593 qui
913 2511 1188 2593 Constantinopoli
1210 2511 1336 2588 luisset,
1371 2509 1555 2577 Callimachi
1591 2509 1731 2576 codicem
1765 2529 1836 2576 esse
1870 2511 2064 2594 descriptum

252 2613 394 2680 coniecit.
439 2611 549 2695 Neque
572 2622 679 2680 mutan
702 2615 813 2680 endem
837 2616 1007 2696 Aurispam
1032 2621 1128 2697 atque
1153 2614 1351 2696 Phiiolphnm
1377 2615 1409 2679 in
1439 2613 1645 2679 describendo
1668 2613 1723 2678 illo
1746 2612 1918 2697 archetypo
1941 2616 2065 2699 Byzan·

250 2717 317 2782 tino
340 2716 480 2783 functum
504 2736 574 2783 esse
598 2717 672 2783 rice.
719 2718 900 2800 Aurispam,
932 2719 986 2801 qui
1021 2718 1163 2784 codicum
1196 2718 1425 2801 descriptorum
1459 2723 1670 2784 mercaturam
1705 2717 1810 2784 facere
1842 2719 1969 2800 soleret,
2004 2740 2067 2786 uon

251 2822 322 2903 plus
345 2821 458 2904 egisse,
481 2840 575 2903 qnam
599 2821 734 2886 scribam
763 2823 895 2901 probum
925 2829 958 2888 et
986 2829 1176 2898 accuratam,
1212 2829 1340 2903 tamque
1373 2822 1404 2886 in
1440 2819 1646 2887 describendo
1681 2821 1782 2889 luisse
1816 2821 2001 2904 diligentem
2034 2831 2068 2889 et

251 2925 445 3008 religiosum,
479 2932 515 2990 ut
537 2923 698 3008 archetypi
722 2925 812 3005 quasi
836 2926 993 3006 quandam
1018 2925 1150 2992 referret
1173 2926 1353 3008 imaginem.
1400 2923 1610 3005 Philelphum‚
1645 2926 1700 3006 qni
1723 2924 1809 2990 docti
1831 2926 1937 3006 potius
1960 2945 2065 3007 gram·

251 3029 357 3094 matici
381 3047 474 3110 quam
498 3026 620 3094 scribae
643 3027 769 3093 functus
792 3035 877 3093 esset
899 3046 1039 3108 munere,
1063 3048 1123 3094 non
1147 3029 1248 3094 solum
1264 3029 1396 3095 leviores
1413 3025 1535 3092 librarii
1552 3027 1728 3092 correxisse
1745 3046 1870 3093 errores
1887 3029 1942 3093 sed
1966 3031 2064 3096 etiam

252 3134 389 3198 minores
406 3135 535 3198 lacunas
552 3131 738 3214 explevisse.
774 3131 937 3213 Apparere
960 3133 1119 3214 igiturex
1142 3132 1200 3212 his,
1224 3133 1278 3214 qui
1302 3152 1339 3198 ex
1358 3134 1512 3212 Aurispae
1535 3130 1720 3211 apographo
1743 3129 1910 3196 fluxissent
1933 3134 2065 3213 codices

252 3255 360 3302 eorum
376 3237 468 3318 louge
484 3237 635 3302 maiorem
651 3253 722 3300 esse
737 3235 958 3300 auctoritatem
974 3253 1068 3318 quam
1084 3236 1248 3312 librorum,
1272 3235 1326 3318 qui
1341 3255 1379 3300 ex
1399 3233 1553 3316 Philelphi
1570 3233 1720 3315 descripti
1743 3241 1851 3299 essent
1875 3237 2066 3320 apographo.

254 3341 300 3406 Ex
323 3339 480 3422 Aurispae
502 3347 609 3407 autem
633 3337 817 3422 apographo
841 3339 894 3419 qui
918 3338 1003 3402 ducti
1026 3347 1136 3404 essent
1157 3339 1289 3418 codices,
1313 3336 1526 3404 Schneiderus
1550 3338 1627 3403 dicit
1649 3355 1720 3404 sese
1743 3338 1870 3402 novisse
1892 3338 2064 3405 Vaticanus

252 3451 319 3510 tres
341 3450 374 3509 et
396 3444 553 3510 Venetum
576 3443 734 3520 uuum.¹⁷)
779 3442 826 3506 Ex
849 3441 1005 3523 Philelphi
1030 3443 1212 3525 apographo
1242 3446 1270 3510 ei
1300 3441 1429 3509 fluxisse
1453 3441 1600 3506 videntur
1621 3447 1751 3522 praeter
1772 3441 1894 3523 primae
1918 3443 2066 3510 editionis

253 3548 390 3615 codicem
413 3548 565 3631 quinque:
590 3545 755 3610 Parisinus
778 3563 869 3624 nnus,
900 3546 975 3610 item
1005 3565 1086 3610 uuus
1110 3547 1349 3623 Ambrosianus,
1380 3544 1645 3623 VindobuneusiS,
1668 3543 1856 3624 Vossianus,
1880 3545 2065 3611 Vaticanus.

251 3651 300 3718 Ex
323 3651 468 3718 Lascaris
502 3655 608 3716 auteur
633 3647 740 3716 codice
762 3647 841 3726 Dra)
865 3646 1077 3714 Schneiderus
1101 3651 1294 3733 descriptum
1317 3668 1388 3714 esse
1411 3653 1503 3731 putat
1529 3646 1569 3728 ,d‘
1592 3649 1659 3713 siue
1683 3648 1820 3714 codicem
1845 3647 2066 3715 Oxonieusem.

252 3754 277 3819 t
301 3762 333 3819 et
356 3753 435 3822 Mn
461 3755 598 3836 deniqne
620 3752 755 3832 codices,
778 3752 892 3834 quibus
915 3749 1126 3818 Schneiderus
1150 3771 1226 3818 usus
1250 3760 1309 3833 est,
1346 3771 1384 3817 ex
1409 3751 1522 3816 Aldina
1545 3751 1574 3818 ei
1597 3751 1799 3832 transscripti
1825 3750 1971 3815 videntur
1993 3769 2065 3814 esse

252 3859 435 3940 exemplari.
470 3857 639 3923 Praeterea
662 3857 757 3922 etiarn
782 3856 916 3921 aliorum
940 3856 1079 3921 codicum
1104 3855 1315 3921 Schneiderus
1344 3857 1450 3919 varias
1480 3856 1630 3936 apposuit
1658 3854 1820 3918 lectiones
1865 3852 1960 3933 Quos,
1995 3871 2066 3920 cum

241 3963 382 4027 'minoris
406 3962 470 4026 sint
492 3961 596 4043 pretii,
620 3959 697 4025 nibil
722 3959 837 4024 attinet
859 3959 917 4024 hoc
940 3959 1006 4024 ioco
1030 3978 1284 4024 commemorare.
1329 3957 1396 4021 lam
1421 3957 1594 4035 videamus,
1626 3957 1776 4038 quidnam
1794 3957 2005 4024 Schneiderus
2028 3959 2067 4022 de

253 4187 507 4198 —-.—----

373 4321 416 4386 16)
442 4323 503 4376 etr
532 4325 548 4374 1.
567 4339 593 4389 p.
614 4323 659 4374 Vl.

374 4410 416 4472 11)
446 4408 469 4462 1.
493 4409 637 4461 Vaticanus
661 4407 735 4462 tuti.
763 4408 795 4458 Δ.
818 4406 855 4460 lit.
879 4413 933 4460 uot.
972 4405 998 4460 2.
1020 4406 1274 4460 vulterrunensis.
1297 4407 1337 4459 lit.
1360 4414 1414 4462 uot.
1450 4406 1475 4460 3.
1495 4407 1556 4458 coci.
1587 4407 1680 4458 Urbin.
1703 4421 1730 4456 u.
1756 4405 1814 4458 115.
1834 4422 1866 4457 ex
1885 4405 2007 4459 vatican.
2034 4405 2067 4458 K.

247 4497 288 4550 lit.
305 4504 359 4549 not.
395 4495 420 4550 1.
440 4497 556 4548 Venatus
574 4497 728 4548 Marcianus
746 4491 808 4546 480.
827 4494 857 4545 C.
876 4494 914 4546 lit.
933 4501 987 4545 not.
2098 4491 2102 4502 '

355 4582 397 4646 18)
416 4584 440 4634 1)
451 4601 484 4627 z
495 4583 578 4634 codex
596 4585 629 4645 is,
652 4583 695 4632 oui
712 4581 829 4634 Ioannes
849 4581 972 4631 Laecania
992 4581 1135 4631 aditionem
1154 4582 1300 4646 principem
1319 4581 1500 4646 superstruxit.
1527 4580 1551 4630 Ε
1562 4593 1595 4628 ·.·.
1604 4578 1745 4630 Parisinus
1770 4585 1824 4634 not.
1846 4597 1872 4631 n.
1891 4579 1970 4634 2763.
1987 4579 2063 4631 tuliur

249 4670 418 4722 Colbertinna
430 4669 507 4723 Allssh.
525 4669 568 4720 uel
586 4669 686 4734 Regius
705 4663 806 4731 3202).
825 4667 1092 4718 N-‘Ambrosianua
1112 4670 1141 4719 Β.
1160 4665 1202 4725 118,
1220 4669 1265 4733 qni
1284 4673 1373 4718 tamen
1391 4681 1445 4716 nou
1464 4682 1496 4716 ar
1514 4667 1573 4730 ipso
1591 4667 1668 4718 fluxit
1683 4665 1818 4732 Philelphi
1836 4668 1999 4734 apographo,
2018 4667 2065 4717 aad

248 4775 279 4810 ex
299 4759 352 4810 alio
371 4757 461 4809 rodina
478 4755 541 4808 iude
561 4755 702 4820 descripto,
729 4758 773 4819 qni
795 4758 847 4808 ianr
871 4772 922 4806 uon
947 4762 987 4804 est
1014 4761 1148 4819 superatas
1202 4755 1294 4819 Neque
1322 4755 1368 4818 qni
1395 4755 1447 4805 iam
1474 4759 1638 4818 sequnntur:
1657 4753 1681 4804 (1
1700 4749 2066 4814 (vindobonensisn.318.),

247 4847 273 4896 H
292 4844 490 4912 (Lugdunensis
508 4844 564 4894 aiva
583 4843 730 4893 Vossianus
748 4840 816 4906 aar,
847 4841 859 4894 1
879 4843 1039 4902 (Vaticanus
1060 4839 1150 4894 ¹379.)
1168 4841 1274 4891 codices
1293 4857 1326 4892 aa
1344 4840 1499 4906 apographo
1516 4839 1652 4905 Philelphi
1670 4842 1728 4906 ipso
1746 4841 1873 4907 originem
1893 4839 2000 4904 babent,
2018 4838 2066 4890 aad

249 4949 280 4983 ax
300 4932 353 4984 alio
374 4931 489 4997 quodam
509 4931 577 4982 libro
594 4929 657 4982 iuda
675 4928 805 4988 derivato.
824 4931 869 4995 qni
887 4935 974 4980 tarum
994 4927 1115 4978 diversus
1134 4928 1184 4978 tuit
1202 4927 1235 4979 ab
1254 4943 1295 4982 eo.
1314 4945 1345 4978 ex
1364 4943 1417 4994 quo
1437 4927 1458 4976 P
1477 4925 1536 4978 cod.
1554 4925 1637 4978 fluxit.

372 5016 412 5076 ltu
440 5017 463 5068 L
513 5016 724 5069 Ruhnkeuiauus
744 5019 800 5067 sire
819 5017 994 5082 Moaquanais.
1029 5015 1058 5064 Μ
1073 5029 1097 5054 =
1118 5014 1257 5066 Parisinus
1277 5014 1311 5067 lI.
1330 5031 1355 5068 u.
1375 5013 1434 5066 4511.
