4498 5736
1053 403 1091 486 td

178 633 234 700 dici
255 631 377 714 quidem
402 647 510 711 posse:
536 625 634 694 πάλιν
654 625 767 706 βαλεῖν
790 627 811 691 i.
834 647 860 690 e.
885 626 1090 692 fundamenta
1107 628 1192 694 urhis
1210 627 1393 694 condendae
1412 629 1523 708 iacere,
1548 628 1673 707 similia,
1697 625 1866 708 attulitque
1883 627 1976 693 huius

175 737 217 804 rei
239 733 384 814 exempla,
409 740 457 797 ut:
482 726 583 796 udin
605 728 640 792 δὲ
663 727 745 792 ὅσοι)
767 727 934 809 diademo,
957 725 1115 794 haediliae
1138 727 1156 814 ἦ
1179 734 1218 816 γῆ
1240 737 1294 796 καὶ
1322 725 1482 816 ὑπεχώρει
1508 735 1594 796 xoium
1623 730 1786 796 tPhiluslr.
1815 731 1854 796 de
1878 731 1916 794 V.
1940 733 1978 798 Α.

176 838 267 920 Tyan.
287 835 343 902 111.
366 855 393 902 c.
415 833 489 913 20),
513 831 761 912 Pindariumque
783 831 875 900 illud:
908 833 1052 918 κρηπῖδα
1079 833 1268 926 βάλλεσθαιΙ
1287 833 1489 918 ἐλευθερίας,
1527 835 1639 917 σοφάν
1668 832 1783 898 ἐντέων.
1829 835 1979 899 Attamen

174 960 219 1022 ,au
241 940 279 1006 ad
301 939 398 1018 eam',
432 937 549 1018 inquit,
584 935 748 1015 ,rationem
777 935 872 1000 scribi
901 935 1005 1016 potuit
1027 919 1047 1002 a
1069 937 1262 1002 Callimacho
1291 937 1330 1004 de
1363 936 1563 1020 serpentibus
1593 937 1624 1001 in
1655 941 1761 1002 monte
1789 935 1979 1002 habentibus

173 1042 306 1122 latibula,
328 1029 379 1108 vel
402 1039 519 1106 cubilia
540 1039 744 1116 fodientibus,
767 1036 875 1114 λλοούς
897 1037 1055 1119 ἐβάλοντο
1078 1040 1275 1107 σκάπτονθ’
1310 1039 1420 1122 Neque
1443 1041 1589 1122 equidem
1612 1038 1724 1118 opinor
1738 1039 1869 1122 locoque
1891 1039 1979 1106 labo·

174 1147 252 1210 renti
273 1145 424 1212 auxilinm
448 1143 613 1216 terendum
636 1141 780 1206 existimo
795 1140 844 1220 ⁸⁰).
890 1140 973 1208 Num
997 1149 1112 1222 tamen,
1134 1143 1219 1224 quod
1245 1141 1473 1209 Valckenarius
1496 1142 1581 1222 ipse:
1610 1139 1712 1218 λλοοις
1734 1142 1859 1208 ἴλλοντο
1882 1142 1979 1208 κινύ-

174 1271 251 1311 ττττα
278 1247 478 1314 scribendum
508 1265 578 1310 esse
608 1244 755 1323 coniecit,
789 1245 833 1308 sit
862 1263 989 1320 verum,
1024 1263 1094 1310 cum
1119 1244 1275 1311 Meiuekio
1303 1245 1442 1310 dubitari
1473 1262 1566 1325 posse
1590 1250 1675 1326 puto.
1716 1243 1831 1324 Ἰλοοτς
1852 1247 1979 1328 quidem

176 1349 317 1416 facillime
340 1350 506 1432 depravari
530 1347 671 1431 potuisse
694 1345 855 1427 ἱσλλοούς,
878 1348 1052 1428 depravato
1074 1350 1262 1428 praesertim
1286 1349 1348 1418 iam
1372 1359 1465 1414 antea
1488 1348 1598 1424 verbo,
1621 1346 1661 1411 ad
1685 1348 1767 1428 qnod
1791 1350 1979 1430 pertinebat,
2030 1421 2033 1440 ,

173 1451 221 1518 aix
242 1461 289 1519 cst
312 1454 396 1536 quod
419 1460 595 1519 moueatur.
639 1449 749 1534 Neque
771 1451 922 1518 abhorret
944 1470 964 1516 a
986 1450 1178 1516 Graecorum
1203 1452 1352 1534 loquendi
1375 1451 1603 1520 consuetudine
1623 1449 1724 1528 λλοοϊς
1739 1469 1797 1531 pro
1821 1451 1857 1515 ἐν
1879 1451 1980 1532 linoae
2047 1509 2050 1516 ,

173 1555 331 1636 scriptum,
356 1574 438 1638 quae
460 1557 492 1620 iu
515 1573 611 1638 prosa
632 1555 758 1636 quidem
783 1555 925 1620 oratione
948 1555 1070 1635 exiguis
1093 1554 1314 1623 continebatur
1336 1554 1461 1633 finibus,
1484 1573 1586 1636 neque
1609 1552 1701 1619 iacile
1717 1553 1924 1620 omittebatur
1945 1552 1981 1624 ἔν

169 1659 369 1739 praepositio.
403 1659 595 1740 Saepissime
617 1666 724 1724 tamen
748 1679 767 1723 a
789 1659 902 1738 poetis,
925 1657 1112 1738 pracsertim
1137 1656 1178 1721 ab
1202 1659 1350 1736 Homero,
1375 1677 1437 1742 quo
1462 1658 1529 1723 loco
1552 1658 1626 1740 quid
1651 1657 1767 1722 lactum
1790 1659 1842 1738 sit,
1860 1659 1983 1741 signifi·

171 1767 268 1840 cante,
292 1761 377 1827 solus
401 1763 475 1842 poni
498 1762 580 1826 solet
604 1761 742 1841 dativus,
764 1769 798 1827 ut
824 1763 924 1847 Θήβη,
947 1760 1029 1838 Ζέος
1053 1762 1165 1841 ολθέρν
1187 1764 1297 1836 volan,
1320 1765 1412 1848 μυχῷ
1426 1761 1531 1845 ύάμοο
1548 1761 1684 1854 similia.
1709 1759 1809 1836 Quam
1832 1761 1982 1843 loquendi

171 1866 426 1930 consuetudinem
441 1863 635 1930 Callimacho
658 1866 721 1945 ipsi
743 1865 879 1930 alienam
904 1884 965 1929 non
988 1863 1087 1929 luisse
1111 1881 1148 1927 ex
1171 1863 1219 1944 iis,
1244 1883 1325 1946 quae
1342 1864 1569 1932 Valckenarius
1593 1865 1712 1944 laudat,
1732 1871 1981 1946 apparetexem·

169 1967 293 2050 plisw).
336 1968 425 2046 Quod
450 1988 525 2034 nero
549 1968 777 2034 Valckenarius
807 1988 863 2049 pro
892 1965 1050 2050 ἐβάλοντο
1085 1966 1287 2032 scribendum
1317 1987 1388 2034 esse
1415 1969 1564 2034 coniecit:
1598 1967 1744 2041 ἴλλοντο,
1779 1973 1814 2032 nt
1841 1967 1982 2050 legatur:

171 2070 269 2148 λλοοις
291 2071 416 2136 εἴλοντο
442 2073 489 2137 vel
512 2071 632 2149 ελλοοις
654 2069 801 2148 ἵλλοντο,
831 2073 863 2136 id
887 2091 963 2136 sane
988 2070 1080 2136 valde
1102 2070 1320 2146 dubitandum,
1344 2090 1418 2138 num
1436 2079 1548 2154 poetae
1573 2071 1710 2138 tribuere
1727 2073 1895 2152 possimus,
1918 2073 1982 2140 dis·

170 2176 314 2256 ceditque
338 2175 431 2240 nimis
454 2174 494 2240 ab
518 2194 565 2254 ca,
589 2195 670 2258 quac
694 2174 784 2240 libris
809 2175 955 2252 traditur,
977 2174 1124 2240 lectione.
1158 2172 1268 2257 Neque
1292 2175 1376 2256 quod
1400 2174 1579 2240 Meinckius
1602 2177 1670 2256 ipse
1694 2173 1801 2252 ἰλοούς
1824 2175 1981 2258 ἐκάμοντο

170 2278 235 2342 volt
258 2279 321 2359 legi
344 2279 423 2342 satis
446 2278 608 2359 probatur.
654 2278 817 2344 Facillime
853 2277 979 2360 quidem
1014 2296 1121 2343 errore
1150 2278 1230 2344 illud
1258 2278 1416 2362 ἐκάμοντο
1447 2279 1604 2357 corrumpi
1634 2277 1738 2358 potuit
1759 2278 1791 2343 in
1814 2277 1981 2360 ἐβάλοντο.

172 2379 287 2446 Nescio
310 2389 416 2446 tamen
440 2401 479 2446 an
504 2383 607 2446 minus
630 2389 705 2463 apte
727 2384 786 2447 hoc
809 2383 877 2447 loco
901 2401 920 2446 a
944 2388 1036 2462 poeta
1056 2383 1099 2447 sit
1118 2383 1253 2450 dictum:
1288 2388 1452 2463 serpentes
1480 2378 1613 2444 latibula
1641 2379 1701 2444 sibi
1731 2392 1984 2466 construxerunt,

171 2483 277 2565 idque,
300 2486 383 2566 quod
407 2486 438 2549 in
462 2489 596 2568 κάμνειν
619 2486 715 2551 verbo
738 2485 839 2560 inest,
873 2484 973 2550 multo
1002 2502 1072 2552 oum
1095 2484 1214 2552 labore.
1261 2483 1360 2548 immo
1382 2484 1413 2548 in
1437 2483 1523 2548 illam
1548 2481 1752 2550 Valckenarii
1788 2487 1980 2552 sententiam

171 2597 297 2668 poetam
321 2589 508 2654 coniecerim
532 2597 697 2668 serpentes
721 2589 752 2652 iu
777 2587 927 2666 latibulis,
951 2587 1137 2668 saepissime
1160 2588 1223 2654 iarn
1251 2597 1367 2652 natura
1396 2589 1467 2668 ipsa
1489 2590 1534 2652 ita
1565 2584 1785 2668 conformatis,
1821 2595 1856 2652 ut
1878 2596 1982 2656 tutum

170 2691 282 2755 darent
305 2699 482 2772 receptum,
506 2690 731 2756 delitescentes
760 2691 864 2756 lacere
887 2692 1035 2755 voluisse.
1082 2690 1174 2756 llaud
1202 2691 1342 2770 ineptam
1372 2690 1471 2770 igitur
1499 2691 1630 2756 dixerim
1665 2691 1876 2757 coniecturam
1906 2694 1984 2771 eius,

170 2795 233 2874 qui,
256 2793 381 2875 quoda
405 2799 499 2874 pocta
522 2795 674 2874 scriptum
699 2805 784 2858 erat:
807 2793 909 2871 λλοοῖς
932 2793 1111 2873 ἐλάθοντο,
1138 2795 1170 2858 in
1201 2795 1405 2874 depravatam
1429 2793 1516 2858 illam
1544 2790 1696 2858 librorum
1719 2794 1836 2860 abiisse
1858 2804 2009 2862 censeat·

169 2897 348 2964 lectionem:
371 2896 480 2975 λλοούς
503 2896 685 2980 ἐβάλοντο..
698 2894 808 2978 Neque
832 2899 914 2962 cniur
940 2897 1033 2962 rumis
1057 2897 1243 2962 alibrorum
1261 2896 1380 2963 recedit
1397 2898 1564 2978 scriptura,
1581 2904 1614 2962 et
1635 2897 1801 2962 sententia
1824 2899 1863 2963 ad
1882 2899 1984 2966 locum

170 3007 313 3066 nostrum
336 3001 494 3066 redundat
516 3000 646 3080 optima.

300 3107 343 3170 nt
365 3105 404 3169 de
435 3103 483 3170 his
515 3104 642 3185 quidem
677 3102 838 3169 hacteuus.
884 3105 1072 3182 Quaeritur,
1108 3122 1199 3177 num,
1234 3121 1329 3184 quam
1363 3116 1529 3168 arenosam
1556 3104 1766 3184 (glareosum,
1794 3103 1986 3185 lapidosam)

169 3206 385 3272 Callimachus
409 3207 496 3287 dicit,
519 3206 667 3287 Nelopeu
692 3205 813 3272 Graeco
836 3209 1021 3290 appellarit:
1053 3206 1255 3274 aulocrenen.
1300 3205 1368 3270 lam
1391 3206 1422 3270 in
1447 3207 1571 3272 codices
1594 3206 1621 3272 si
1650 3206 1849 3290 inquirimus
1874 3227 1985 3275 ornnes

170 3308 247 3390 lere,
270 3309 323 3390 qni
347 3315 485 3388 exstant,
521 3309 713 3375 πολύστονον
743 3309 892 3374 exhibere
923 3312 1088 3387 videmus,
1122 3311 1261 3391 exceptis
1293 3309 1416 3376 duobus
1450 3309 1552 3375 Paria.
1587 3310 1683 3395 Vind.
1716 3310 1769 3392 qui
1804 3309 1841 3375 Ε.
1876 3318 1909 3376 et
1946 3307 1984 3376 θ’.

170 3411 287 3477 litteris
310 3431 330 3476 a
351 3409 541 3478 Schneidero
575 3419 736 3492 notantur,
771 3432 905 3493 qnorum
945 3415 1027 3480 alter
1066 3414 1175 3479 habet:
1212 3411 1422 3495 πολύοττιβον
1456 3414 1503 3487 (in
1537 3431 1637 3496 marg.
1660 3413 1865 3494 πολύστονον)
1891 3415 1988 3481 alter:

173 3515 392 3580 πολύστονον.
437 3515 605 3582 Librorum
641 3517 738 3596 igitur
771 3516 993 3584 auctoritatem
1028 3519 1083 3600 qui
1119 3518 1209 3599 sequi
1244 3515 1365 3596 volent,
1399 3517 1474 3598 quin
1509 3515 1698 3581 πολύπονον
1721 3516 1915 3584 Callimacho
1945 3521 1988 3585 sit

177 3619 390 3699 tribuendum,
413 3637 474 3684 nou
498 3618 705 3696 dubitabunt3
726 3637 828 3700 necque
853 3618 1002 3688 Nicandri
1027 3623 1089 3687 illis
1113 3621 1190 3688 lucis
1214 3641 1232 3684 n
1256 3619 1449 3687 Schneidcro
1465 3621 1696 3700 emendatis⁹')
1720 3633 1987 3702 commoveantur,

171 3733 206 3788 ut
228 3743 247 3788 a
270 3724 389 3788 tradita
416 3725 567 3788 recedant
597 3722 746 3800 lectione,
780 3741 862 3803 quae
885 3725 982 3790 etiam
1011 3725 1107 3791 schol.
1153 3723 1282 3790 Pindari
1306 3723 1356 3790 Ol.
1379 3723 1432 3788 Vl.
1461 3722 1531 3792 146.
1561 3724 1779 3800 confirmatur,
1811 3723 1864 3789 ubi
1889 3723 1988 3791 Calli·

174 3829 275 3892 machi
300 3829 396 3892 verba
417 3826 589 3892 laudantur
612 3826 706 3890 haee:
728 3826 916 3891 πολύστονον
937 3851 970 3890 το
992 3831 1167 3912 Μετώπην.
1213 3827 1294 3892 Sunt
1317 3836 1422 3892 tamen
1445 3829 1527 3892 aliae
1556 3846 1676 3910 eaeque
1704 3828 1803 3892 multo
1826 3830 1987 3909 graviores

174 3947 300 4003 causae,
324 3931 448 4011 quibus,
470 3930 638 4010 quominus
661 3929 783 3994 codices
807 3947 987 4013 sequamur,
1012 3949 1106 4013 quarn
1131 3930 1267 3998 maxime
1289 3930 1501 4011 prohibemur.
1547 3930 1721 4012 Compositi
1744 3931 1839 4007 enim,
1863 3931 1902 3996 de
1926 3951 1989 4014 quo

172 4031 296 4111 angitur,
331 4031 419 4095 verbi
442 4040 563 4114 partem
587 4032 721 4098 alteram
745 4033 772 4098 si
800 4033 999 4116 respicimus,
1025 4056 1087 4102 non
1110 4040 1217 4100 σιτίον
1240 4053 1260 4098 a
1288 4032 1501 4112 velerihua⁹²)
1531 4031 1724 4115 appellatam
1751 4037 1882 4121 ψῆφον,
1908 4054 1989 4118 quae

297 4289 342 4356 89)
372 4293 453 4344 Recto
472 4293 577 4359 quidem
596 4293 746 4345 Mainckius
764 4295 785 4345 tl
813 4295 856 4346 l.l:
877 4298 1019 4357 ,nescimus
1038 4290 1118 4358 nero,¹
1136 4297 1230 4362 iuquit.
1256 4299 1388 4362 ,qnantum
1406 4295 1435 4345 in
1453 4293 1551 4346 talibus
1570 4295 1621 4346 sibi
1639 4295 1791 4362 permiserit
1800 4293 1990 4359 Callimachus,

178 4379 254 4430 eninr
282 4381 367 4431 oratio
394 4394 562 4447 nequequam
582 4378 616 4430 ud
633 4395 798 4432 communem
818 4380 924 4433 dicendi
942 4397 1019 4434 naum
1038 4382 1168 4450 exigenda
1186 4381 1241 4433 σοι’
1261 4382 1328 4432 Num
1351 4387 1440 4434 umen
1458 4379 1622 4433 Callimacho
1645 4381 1726 4434 iilud:
1753 4380 1842 4441 ἐλοούς
1864 4379 1992 4448 ἐβάλοντο

177 4468 211 4517 ait
229 4467 406 4530 tribuendum,
423 4473 451 4519 et
469 4468 525 4534 ipae
544 4465 656 4517 dubitet.
1826 4459 1829 4467 ⁴

295 4550 343 4608 illll
371 4554 404 4606 et.
424 4557 505 4607 etism
523 4550 646 4604 Schneid.
666 4551 694 4601 iu
713 4553 803 4620 hymn.
822 4553 871 4607 lV.
892 4551 941 4607 lau
960 4571 1063 4608 excuss.
1080 4570 1107 4621 p.
1127 4551 1187 4608 303.
1205 4571 1246 4620 aq.

298 4638 345 4695 dtr
371 4639 496 4693 Nicaudr.
531 4639 655 4691 'l'heriaa
677 4635 740 4692 792:
769 4638 866 4707 πέτρας
891 4641 936 4691 καλ
962 4637 1033 4713 βρύα
1054 4637 1137 4693 λεπτὰ
1159 4640 1311 4693 πολοστύοιο
1335 4635 1470 4703 θαλάσσης
1493 4641 1671 4696 λσολοσιελοιο
1696 4645 1725 4690 Π
1746 4648 1773 4693 et
1797 4657 1854 4693 rar.
1878 4642 1937 4693 lec't.
1961 4643 1989 4692 iu

176 4725 279 4788 schol),
297 4723 365 4780 don:
389 4723 447 4778 od
466 4728 496 4777 λν
518 4728 665 4795 ποταμοῖσι
682 4725 847 4778 σολοστίοισι
866 4723 993 4796 νομάζων
1010 4727 1221 4794 (rotomnam
1239 4743 1265 4789 ν,
1282 4725 1463 4779 unkaureinom
1484 4727 1580 4794 reliqui
1602 4725 1692 4791 codd.)
1709 4726 1831 4792 Alexiph.
1851 4725 1914 4780 adt:
1940 4725 1988 4778 τὸν

176 4811 250 4881 κῦμα
269 4813 411 4866 uolumina
428 4813 502 4866 ιιίιιν
520 4813 605 4884 ἅλμης
622 4813 780 4872 λσολοστλον
798 4818 834 4876 11,
851 4813 1009 4868 τισλνστιίον
1027 4816 1130 4883 reliqui.
1167 4813 1312 4876 Schmidt.
1346 4812 1380 4866 ci.
1398 4814 1478 4865 etium
1496 4813 1579 4865 schol.
1604 4813 1640 4865 ed
1661 4813 1733 4864 hune
1756 4812 1858 4865 locum:
1883 4814 1986 4880 Ἥγοοκ

176 4899 222 4958 τῖς
238 4895 402 4969 σολνψὴιηον
420 4897 562 4967 θαλάσσης
580 4903 664 4954 meina
681 4897 735 4972 γὰρ
754 4901 785 4952 nl
805 4899 892 4967 ψῖηιμ-οι
909 4899 949 4965 τῆς
968 4897 1111 4966 θαλάσσης.

296 4985 343 5047 θλ)
369 4995 480 5056 excepto
499 5004 561 5050 uno,
580 5005 658 5056 quem
678 4990 801 5053 vidimus,
819 4989 878 5041 loeo
897 4989 981 5043 schol.
1000 4989 1126 5041 Nicandr.
1146 4989 1269 5057 dleaiph.
1289 4985 1347 5043 aad.

1725 5050 1761 5113 3*
