4498 5736
1134 375 1153 441 6

1012 463 1268 474 -ρ--ιιιι-

236 583 363 660 laudes,
395 600 489 664 quern
513 599 583 646 cum
607 580 744 657 divitiis,
772 579 890 646 alone
919 579 1047 661 regibus
1070 579 1215 660 tributis,
1244 587 1311 647 tum
1335 581 1452 664 ingenii
1475 581 1674 664 praestantia
1696 581 1811 646 ceteris
1840 579 2050 644 antecessisse

232 688 310 753 dicit
331 686 460 768 regibus
483 691 546 760 (vv.
570 683 724 764 83-90.)
769 684 897 750 Usitata
919 684 1055 766 denique
1078 683 1385 767 hymnographorum
1409 685 1553 752 clausula
1575 690 1671 765 poeta
1693 683 1842 750 carminis
1867 682 1962 750 finem
1978 700 2050 750 cum

231 789 337 869 iaciat,
365 788 472 854 Iovem
496 788 606 865 deum,
627 805 720 869 quem
743 806 835 852 nemo
859 793 894 852 ut
916 787 1027 852 deccat
1049 787 1152 867 possit
1174 786 1349 868 celebrare,
1372 789 1488 855 lterum
1511 781 1691 869 iterumque
1713 787 1819 854 valere
1843 788 1931 852 ichet
1953 791 2050 870 atque

232 899 312 970 orat,
336 899 371 958 ut
393 891 506 974 quihus
529 911 602 956 vcro
624 891 713 956 beari
736 889 859 970 possint
881 888 1035 976 homines
1059 893 1155 958 donet
1178 891 1372 971 muneribus,
1396 893 1516 957 divitiis
1540 897 1637 974 atque
1661 891 1779 956 virtute
1802 894 1866 965 (vv.
1881 890 2047 969 90-96.›.

360 994 451 1073 Quod
474 995 622 1061 carminis
645 999 867 1074 argumentum
890 995 917 1056 sl
940 994 1011 1074 quis
1034 996 1188 1060 attentius
1211 995 1472 1078 perlustraverit,
1502 1015 1573 1062 eum
1596 1013 1658 1060 non
1682 992 1799 1076 fugiet,
1824 1000 1888 1061 tres
1912 995 2049 1060 maxime
2109 1071 2112 1078 Ι

234 1100 268 1164 in
296 1118 334 1164 eo
364 1099 502 1164 eminere
531 1105 653 1179 partes:
698 1095 808 1160 Rheae
837 1097 1041 1176 puerperium
1065 1098 1213 1180 Iovisque
1240 1106 1366 1177 ortum,
1395 1098 1478 1164 lovis
1505 1098 1628 1181 pueruli
1658 1099 1690 1164 in
1714 1099 1809 1164 Creta
1837 1097 1942 1164 insula
1972 1098 2049 1164 edu·

232 1203 404 1281 cntionem,
439 1201 523 1267 Iovis
557 1203 692 1283 denique
726 1201 789 1264 iam
819 1200 903 1278 regis
933 1201 1209 1280 praedicationem.
1260 1199 1436 1268 Maioribus
1458 1202 1523 1282 hle,
1558 1203 1590 1268 in
1620 1221 1700 1285 qnos
1730 1219 1858 1268 carrnmr
1887 1201 2050 1278 dividitur,

229 1307 374 1388 partibus
397 1306 479 1370 aliae
502 1305 664 1371 occasione
687 1301 794 1368 oblata
816 1302 1000 1368 inseruntur
1021 1321 1089 1384 res,
1119 1323 1201 1388 qnae
1230 1305 1362 1370 minoris
1391 1305 1519 1386 quidem
1543 1313 1618 1371 sunt
1640 1306 1791 1371 momenti
1815 1323 1917 1387 neque
1941 1312 2048 1370 tamen

234 1409 312 1476 nihil
335 1410 376 1475 ad
400 1411 493 1476 deum
515 1411 630 1490 ipsum,
653 1409 685 1473 in
709 1407 798 1473 cuius
822 1407 967 1472 laudibus
991 1411 1093 1472 totum
1116 1407 1176 1473 hoc
1199 1425 1326 1474 carmen
1349 1417 1506 1489 versatur,
1530 1409 1697 1476 conserunt
1719 1408 1955 1476 celebrandum.

1009 1633 1267 1646 nau—nun·—

365 1804 424 1870 llis
448 1803 632 1887 praemissis
655 1802 718 1866 iam
742 1801 773 1867 in
797 1802 938 1882 singulos
962 1801 1111 1868 carminis
1134 1803 1331 1885 inquiramus
1354 1802 1448 1868 locos.
1495 1802 1735 1870 Celebraturnm
1762 1803 1860 1886 igitur
1883 1822 1954 1869 sese
1977 1822 2048 1870 esse

236 1907 283 1974 ait
315 1915 409 1989 poeta
442 1910 473 1973 in
497 1905 656 1988 prooemio
680 1905 786 1970 lovem
810 1906 913 1982 deum,
936 1907 990 1987 qui
1021 1907 1168 1988 gigantes
1191 1905 1280 1971 caelo
1303 1925 1394 1972 arma
1417 1906 1535 1972 inferre
1557 1925 1651 1972 ausos
1674 1907 1787 1974 vicerit
1809 1906 2047 1989 praemiumque

235 2011 330 2076 huius
353 2012 503 2078 victoriae
525 2010 625 2076 totins
648 2009 757 2073 mundi
780 2008 946 2090 imperium
971 2009 1090 2078 tulerit.
1136 2007 1221 2084 Quos
1244 2028 1317 2074 vero
1334 2010 1546 2078 Callimachus
1569 2029 1596 2074 v.
1620 2010 1651 2077 3.
1674 2010 1817 2092 appellat
1838 2009 2047 2095 αηλογόνοος,

231 2117 253 2182 ii
284 2115 324 2180 ab
355 2115 427 2180 aliis
456 2116 559 2196 poetis
588 2113 711 2196 graecis
740 2112 835 2193 vulgo
862 2123 997 2197 γηγενεῖς
1028 2112 1227 2196 vocantnr²¹l
1252 2113 1273 2177 i.
1296 2133 1325 2182 e.
1348 2115 1537 2196 terrigenae,
1572 2115 1690 2196 qnippe
1725 2133 1804 2196 quos
1838 2118 1925 2180 terra
1948 2113 2047 2180 Urani

237 2219 392 2301 sanguine
407 2220 574 2299 gravidata
595 2217 796 2298 genuerit²²t
831 2215 937 2280 Facile
948 2216 1046 2298 igitur
1061 2236 1099 2282 ex
1111 2215 1159 2294 iis,
1183 2235 1265 2299 qnae
1281 2219 1320 2284 de
1336 2219 1499 2302 gigantum
1516 2219 1673 2301 origines
1689 2217 1850 2284 veteribus
1866 2219 2046 2298 traduntur,

233 2322 374 2404 colligas,
387 2323 504 2404 optimo
517 2323 584 2386 lure
596 2319 822 2385 Callimachum
836 2319 966 2399 eosqui
980 2317 1073 2400 vulgo
1086 2325 1235 2386 vocantur
1246 2334 1383 2405 γηγενεῖς
1394 2323 1573 2403 appellasse
1592 2321 1803 2408 πηλογόνονς,
1826 2341 1929 2403 neque
1950 2321 2047 2390 offen-

234 2427 370 2493 dendum
384 2445 455 2491 esse
468 2427 558 2506 inea,
569 2441 650 2505 qnae
669 2423 700 2486 in
713 2422 857 2487 omnibus
877 2421 966 2488 libris
985 2441 1080 2487 manu
1094 2423 1219 2504 scriptis
1232 2431 1385 2506 servatur,
1404 2425 1548 2491 lectione.
1571 2425 1739 2490 Librorum
1752 2430 1858 2491 tamen
1872 2427 2048 2506 scripturae

239 2549 333 2612 quam
357 2530 493 2594 maxime
516 2535 703 2609 repugnant,
726 2545 807 2608 quae
830 2526 905 2591 alibi
927 2524 1085 2608 leguntur.
1122 2521 1332 2593 inveniuntur
1355 2530 1437 2593 euim
1461 2530 1493 2594 in
1517 2528 1654 2610 Etymol.
1678 2527 1721 2591 M.
1737 2547 1766 2608 p.
1784 2527 1856 2608 669,
1881 2531 1930 2594 51.
1955 2530 2047 2596 haec:

231 2635 417 2722 Πηλαγόνες
439 2629 472 2696 οἱ
493 2635 653 2712 Γίγαντες.
676 2629 880 2712 Καλλίμαχος·
904 2627 1115 2714 Ἢηλαγόνοιν
1144 2629 1291 2716 chuppa.
1321 2634 1441 2716 εἴρηται
1471 2631 1564 2715 παρὰ
1593 2634 1651 2696 τοῦ
1679 2631 1714 2695 ἐκ
1745 2631 1850 2716 πηλοῦ
1871 2637 2047 2712 γεγονέναι,

238 2739 380 2806 τουτέστι
403 2740 436 2801 ἐκ
457 2738 518 2820 γῆς.
558 2731 651 2816 Apud
674 2734 889 2800 Herodianum
913 2753 987 2799 vero
1010 2733 1161 2814 legimus:
1183 2733 1366 2818 Πηλεγόνος
1389 2735 1572 2820 Πηλεγόνον
1589 2734 1734 2819 ἐλατῆρα
1757 2734 1834 2817 (leg.
1857 2734 2049 2822 Πηλαγόνος

232 2841 435 2927 Πηλογόνοιν
464 2839 602 2924 ἐλατῆρα
632 2838 795 2916 Melania).
847 2838 895 2902 nh
924 2837 1083 2919 Hesychio
1113 2839 1192 2903 haec
1220 2839 1403 2904 traduntur:
1437 2839 1634 2924 Πηλαγόνος·
1667 2841 1872 2923 γέροντες,”)
1901 2839 2048 2920 παλαιοί,

234 2957 379 3030 γηγενεῖς.
423 2944 579 3010 Addenda
602 2942 698 3006 etiam
723 2939 841 3006 Suidae
863 2940 976 3006 verba:
1000 2939 1198 3025 Πηλαγονία,
1220 2952 1320 3024 μοῖρα
1342 2940 1563 3018 Μακεδονίας,
1587 2941 1623 3006 τὸ
1647 2941 1782 3007 sermio
1803 2940 1972 3020 Πελαγοίν·
1995 2949 2049 3006 καὶ

233 3050 334 3132 ὄνομα
357 3051 502 3130 γίγαντος
524 3053 557 3111 et
578 3043 686 3126 Steph.
710 3045 802 3126 Byz.:
826 3044 1026 3130 Πηλαγονία,
1049 3055 1149 3129 μοῖρα
1171 3044 1390 3122 Μακεδονίας,
1426 3044 1459 3110 οἱ
1480 3048 1641 3131 οἰκήτορες
1676 3045 1860 3131 Πηλαγόνες
1889 3053 1921 3111 ei
1951 3046 2038 3112 Stra-

228 3153 335 3220 bonis:
359 3155 413 3214 καῐ
435 3149 467 3214 ot
489 3152 620 3223 Τιτᾶνες
628 3150 669 3222 ²⁶)
693 3145 876 3233 ἐκλήθησαν
897 3149 1087 3229 Πελαγίνες.
1120 3148 1190 3214 Non
1214 3150 1328 3214 mirum
1341 3149 1447 3231 igitur,
1464 3150 1549 3217 viros
1565 3153 1675 3216 doctos
1691 3156 1756 3215 tam
1780 3150 1887 3216 multis
1905 3155 2048 3218 veterum

234 3257 424 3337 scriptorum
448 3254 638 3318 testimoniis
661 3252 751 3316 nixos
774 3252 864 3316 libris
887 3252 980 3318 fidem
1005 3271 1066 3317 non
1090 3252 1251 3318 hahuisse.
1297 3256 1342 3319 Ac
1369 3255 1491 3334 primns
1521 3255 1650 3337 quidem
1677 3253 1862 3333 Salmasinr,
1898 3257 1981 3336 quod
2014 3261 2047 3324 in

238 3358 374 3440 Etymol.
397 3357 440 3421 M.
465 3356 689 3442 ,Πηλαγόναν
711 3356 836 3438 legitur,
869 3354 1060 3422 Callimacho
1095 3357 1326 3434 restituendum
1361 3357 1475 3424 docuit.
1522 3358 1621 3436 Quem
1657 3364 1786 3423 secutus
1821 3357 2048 3442 Stauleins²⁵):

232 3461 458 3544 ‚Claudianust
482 3462 595 3542 inquit,
626 3459 743 3540 ‚Iovem
760 3477 915 3523 summum
929 3457 1136 3542 Terrigenum
1153 3479 1258 3541 regem
1282 3468 1382 3540 vocat,
1404 3469 1440 3526 ut
1456 3461 1666 3528 Callimachus
1684 3461 1874 3546 πηλογόναν
1897 3461 2047 3550 ἐλατῆρα.

234 3586 274 3632 an
297 3565 403 3647 potius
426 3563 626 3648 αηλαγιίναν,
651 3567 746 3644 prout
767 3562 886 3628 hahent
908 3563 1160 3644 Etymologieum
1184 3570 1216 3628 et
1238 3563 1389 3631 Lexioal‘
1413 3564 1491 3629 Post
1513 3583 1567 3630 eos
1591 3571 1697 3630 autem
1714 3564 1876 3631 Bentleius
1892 3568 2047 3650 multique

232 3669 424 3736 recentiores
447 3665 600 3732 librorum
623 3668 813 3746 scripturam
830 3666 996 3731 coicientes
1020 3665 1242 3751 ,Heioyovmr‘
1267 3667 1330 3750 legi
1351 3667 1532 3734 uoluerunt.
1567 3668 1706 3746 Quorum
1724 3671 1882 3734 sententia
1897 3671 2045 3738 Passovio

237 3792 299 3839 non
324 3771 485 3854 probatur,
509 3773 562 3853 qui
586 3771 778 3837 Schneidero
801 3770 932 3848 teste²⁶)
954 3770 1097 3836 codicum
1112 3770 1258 3837 lectionis
1275 3772 1483 3852 patrocinium
1502 3774 1654 3853 suscepit.
1688 3771 1797 3854 Neque
1814 3773 2043 3852 Loheckius²³)

227 3963 482 3974 ———-

350 4101 396 4163 21>
423 4100 456 4150 cf.
475 4099 642 4150 Batrachom.
661 4099 690 4150 lc
711 4097 851 4166 γηγενέων
870 4093 982 4165 ἀνδρῶν
1001 4105 1028 4150 et
1046 4099 1127 4164 Soph.
1145 4097 1261 4148 'l'rachin
1292 4096 1371 4150 losa:
1387 4095 1412 4149 ‘o
1430 4095 1545 4164 γηγενὴς
1562 4095 1671 4165 στρατὸς
1688 4096 1836 4167 γιγάντων.

350 4186 397 4246 22)
426 4187 459 4238 oi.
472 4185 584 4237 Heriod.
599 4187 701 4250 Theog.
717 4181 779 4238 183:
799 4182 875 4235 ὅσσαι
887 4181 940 4252 γὰρ
951 4179 1125 4255 ῥαθάμιγγες
1142 4180 1302 4236 ‘anserem
1315 4179 1499 4252 αλματὸεσσαι,
1516 4179 1623 4247 Ιπάσας
1634 4185 1726 4242 (λέξατο
1740 4187 1818 4236 Γαῖα·
1836 4187 2045 4259 περιπλομένων

227 4273 383 4330 δ’ἔνια-τιτῶν
397 4270 402 4336 Ι
418 4267 518 4340 γείνατ’
543 4268 666 4340 ’reparata
681 4288 707 4322 τε
728 4268 855 4340 κρατερὰς
874 4266 1011 4340 μεγάλους
1029 4289 1055 4323 τε
1079 4275 1212 4341 Γίγαντας
1227 4273 1231 4336 Ι
1245 4264 1349 4340 τιν’χεσι
1370 4270 1574 4340 λαμπομένους,
1591 4311 1599 4325 .
1619 4311 1626 4325 .
1649 4279 1703 4326 ,et
1725 4273 1820 4340 Orph:
1851 4269 1897 4331 οὓς
1923 4275 2046 4328 καλέοντι

232 4365 364 4434 γίγαντας
381 4355 527 4428 ἐπώνυμον
545 4359 576 4410 έν
598 4358 758 4428 μακαρίσαι,
774 4362 778 4425 Ι
794 4357 893 4412 olivero
911 4357 961 4425 γῆς
978 4358 1101 4425 ἐγένοντο
1119 4361 1167 4409 καὶ
1191 4359 1304 4428 αἵματος
1325 4354 1472 4426 οὖρανίαιο.
1493 4360 1526 4410 ct.
1544 4362 1622 4412 etiam
1642 4357 1730 4412 Schol.
1749 4359 1784 4411 ad
1801 4359 1836 4416 h„
1846 4361 1864 4414 1.
1883 4366 1910 4414 et
1927 4363 2046 4429 Euripid.

235 4451 316 4504 Herc.
336 4443 397 4502 llll:
416 4447 484 4498 τοῖσι
500 4439 548 4514 γῖγς
564 4440 730 4515 βλαστήμασι
746 4449 849 4516 γίγασι.
1299 4479 1301 4484 -

350 4532 399 4600 23)
426 4533 564 4585 Bentleius
581 4532 762 4598 reponendum
780 4538 857 4599 putat
872 4533 1005 4600 γίγαντος.
1024 4532 1059 4587 cf.
1076 4530 1224 4583 Blomfield.
1241 4536 1359 4582 annotat.
1377 4533 1404 4582 in
1424 4531 1578 4587 callimach.
1596 4547 1624 4600 p.
1643 4531 1685 4586 λλ.

347 4620 395 4680 24)
412 4619 537 4671 'lhtanom
564 4625 591 4671 et
613 4619 759 4688 Gigantum
783 4621 910 4670 momoria
931 4633 1010 4683 saepe
1033 4635 1050 4670 a
1072 4619 1208 4670 relambo·
1231 4617 1453 4681 confundebatur,
1478 4620 1512 4671 ef.
1534 4620 1652 4674 Lobcclr.
1691 4619 1823 4687 Aglaoph.
1845 4635 1872 4688 p.
1902 4617 1961 4674 584.
1986 4621 2043 4672 Iam

229 4708 299 4777 apud
318 4709 476 4775 Euripidem
495 4709 605 4760 Titanes
623 4708 701 4758 iidem
719 4712 782 4758 runt
798 4711 879 4772 atquc
897 4705 1035 4770 Gigantes.
1070 4705 1103 4760 ci.
1120 4704 1233 4758 Prallar.
1250 4703 1353 4771 griech.
1371 4701 1479 4770 Mythol.
1496 4703 1530 4758 1⁸.
1549 4705 1592 4760 til,

346 4793 395 4852 λδ)
424 4795 457 4849 ολ.
477 4795 562 4850 Stanl.
579 4793 614 4846 ad
630 4794 756 4858 Aeschyl.
774 4791 909 4844 Prometh.
927 4789 986 4844 ³51.

348 4881 393 4940 att
421 4877 759 4947 of.Pnilol.v1.p.tll⁵.

348 4967 395 5026 λλ)
422 4969 457 5021 cf.
474 4967 592 5021 Loheclr.
619 4965 764 5033 Phrynich.
782 4983 810 5033 p.
827 4966 887 5022 tlt.
